%% This BibTeX bibliography file was created using BibDesk.
%% https://bibdesk.sourceforge.io/

%% Created for Adrian Price-Whelan at 2020-01-21 13:44:13 -0500


%% Saved with string encoding Unicode (UTF-8)



@article{Holtzman:2018,
	Adsnote = {Provided by the SAO/NASA Astrophysics Data System},
	Adsurl = {https://ui.adsabs.harvard.edu/abs/2018AJ....156..125H},
	Archiveprefix = {arXiv},
	Author = {{Holtzman}, Jon A. and {Hasselquist}, Sten and {Shetrone}, Matthew and {Cunha}, Katia and {Allende Prieto}, Carlos and {Anguiano}, Borja and {Bizyaev}, Dmitry and {Bovy}, Jo and {Casey}, Andrew and {Edvardsson}, Bengt and {Johnson}, Jennifer A. and {J{\"o}nsson}, Henrik and {Meszaros}, Szabolcs and {Smith}, Verne V. and {Sobeck}, Jennifer and {Zamora}, Olga and {Chojnowski}, S. Drew and {Fernandez-Trincado}, Jose and {Garcia-Hernandez}, D.~A. and {Majewski}, Steven R. and {Pinsonneault}, Marc and {Souto}, Diogo and {Stringfellow}, Guy S. and {Tayar}, Jamie and {Troup}, Nicholas and {Zasowski}, Gail},
	Date-Added = {2020-01-21 13:44:11 -0500},
	Date-Modified = {2020-01-21 13:44:12 -0500},
	Doi = {10.3847/1538-3881/aad4f9},
	Eid = {125},
	Eprint = {1807.09773},
	Journal = {\aj},
	Keywords = {methods: data analysis, stars: abundances, techniques: spectroscopic, Astrophysics - Astrophysics of Galaxies, Astrophysics - Instrumentation and Methods for Astrophysics, Astrophysics - Solar and Stellar Astrophysics},
	Month = {Sep},
	Number = {3},
	Pages = {125},
	Primaryclass = {astro-ph.GA},
	Title = {{APOGEE Data Releases 13 and 14: Data and Analysis}},
	Volume = {156},
	Year = {2018},
	Bdsk-Url-1 = {https://doi.org/10.3847/1538-3881/aad4f9}}

@article{Wilson:2019,
	Adsnote = {Provided by the SAO/NASA Astrophysics Data System},
	Adsurl = {https://ui.adsabs.harvard.edu/abs/2019PASP..131e5001W},
	Archiveprefix = {arXiv},
	Author = {{Wilson}, J.~C. and {Hearty}, F.~R. and {Skrutskie}, M.~F. and {Majewski}, S.~R. and {Holtzman}, J.~A. and {Eisenstein}, D. and {Gunn}, J. and {Blank}, B. and {Henderson}, C. and {Smee}, S. and {Nelson}, M. and {Nidever}, D. and {Arns}, J. and {Barkhouser}, R. and {Barr}, J. and {Beland}, S. and {Bershady}, M.~A. and {Blanton}, M.~R. and {Brunner}, S. and {Burton}, A. and {Carey}, L. and {Carr}, M. and {Colque}, J.~P. and {Crane}, J. and {Damke}, G.~J. and {Davidson}, J.~W., Jr. and {Dean}, J. and {Di Mille}, F. and {Don}, K.~W. and {Ebelke}, G. and {Evans}, M. and {Fitzgerald}, G. and {Gillespie}, B. and {Hall}, M. and {Harding}, A. and {Harding}, P. and {Hammond}, R. and {Hancock}, D. and {Harrison}, C. and {Hope}, S. and {Horne}, T. and {Karakla}, J. and {Lam}, C. and {Leger}, F. and {MacDonald}, N. and {Maseman}, P. and {Matsunari}, J. and {Melton}, S. and {Mitcheltree}, T. and {O'Brien}, T. and {O'Connell}, R.~W. and {Patten}, A. and {Richardson}, W. and {Rieke}, G. and {Rieke}, M. and {Roman-Lopes}, A. and {Schiavon}, R.~P. and {Sobeck}, J.~S. and {Stolberg}, T. and {Stoll}, R. and {Tembe}, M. and {Trujillo}, J.~D. and {Uomoto}, A. and {Vernieri}, M. and {Walker}, E. and {Weinberg}, D.~H. and {Young}, E. and {Anthony-Brumfield}, B. and {Bizyaev}, D. and {Breslauer}, B. and {De Lee}, N. and {Downey}, J. and {Halverson}, S. and {Huehnerhoff}, J. and {Klaene}, M. and {Leon}, E. and {Long}, D. and {Mahadevan}, S. and {Malanushenko}, E. and {Nguyen}, D.~C. and {Owen}, R. and {S{\'a}nchez-Gallego}, J.~R. and {Sayres}, C. and {Shane}, N. and {Shectman}, S.~A. and {Shetrone}, M. and {Skinner}, D. and {Stauffer}, F. and {Zhao}, B.},
	Date-Added = {2020-01-21 13:42:01 -0500},
	Date-Modified = {2020-01-21 13:42:01 -0500},
	Doi = {10.1088/1538-3873/ab0075},
	Eprint = {1902.00928},
	Journal = {\pasp},
	Keywords = {Astrophysics - Instrumentation and Methods for Astrophysics},
	Month = {May},
	Number = {999},
	Pages = {055001},
	Primaryclass = {astro-ph.IM},
	Title = {{The Apache Point Observatory Galactic Evolution Experiment (APOGEE) Spectrographs}},
	Volume = {131},
	Year = {2019},
	Bdsk-Url-1 = {https://doi.org/10.1088/1538-3873/ab0075}}

@article{Fernandez-Trincado:2019,
	Adsnote = {Provided by the SAO/NASA Astrophysics Data System},
	Adsurl = {https://ui.adsabs.harvard.edu/abs/2019A&A...631A..97F},
	Archiveprefix = {arXiv},
	Author = {{Fern{\'a}ndez-Trincado}, Jos{\'e} G. and {Mennickent}, Ronald and {Cabezas}, Mauricio and {Zamora}, Olga and {Martell}, Sarah L. and {Beers}, Timothy C. and {Placco}, Vinicius M. and {Nataf}, David M. and {M{\'e}sz{\'a}ros}, Szabolcs and {Minniti}, Dante and {Schleicher}, Dominik R.~G. and {Tang}, Baitian and {P{\'e}rez-Villegas}, Angeles and {Robin}, Annie C. and {Reyl{\'e}}, C{\'e}line},
	Date-Added = {2020-01-21 13:27:41 -0500},
	Date-Modified = {2020-01-21 13:27:43 -0500},
	Doi = {10.1051/0004-6361/201935369},
	Eid = {A97},
	Eprint = {1902.10635},
	Journal = {\aap},
	Keywords = {stars: abundances, stars: AGB and post-AGB, stars: evolution, stars: chemically peculiar, binaries: general, techniques: spectroscopic, Astrophysics - Astrophysics of Galaxies},
	Month = {Nov},
	Pages = {A97},
	Primaryclass = {astro-ph.GA},
	Title = {{Discovery of a nitrogen-enhanced mildly metal-poor binary system: Possible evidence for pollution from an extinct AGB star}},
	Volume = {631},
	Year = {2019},
	Bdsk-Url-1 = {https://doi.org/10.1051/0004-6361/201935369}}

@article{Zamora:2015,
	Adsnote = {Provided by the SAO/NASA Astrophysics Data System},
	Adsurl = {https://ui.adsabs.harvard.edu/abs/2015AJ....149..181Z},
	Archiveprefix = {arXiv},
	Author = {{Zamora}, O. and {Garc{\'\i}a-Hern{\'a}ndez}, D.~A. and {Allende Prieto}, C. and {Carrera}, R. and {Koesterke}, L. and {Edvardsson}, B. and {Castelli}, F. and {Plez}, B. and {Bizyaev}, D. and {Cunha}, K. and {Garc{\'\i}a P{\'e}rez}, A.~E. and {Gustafsson}, B. and {Holtzman}, J.~A. and {Lawler}, J.~E. and {Majewski}, S.~R. and {Manchado}, A. and {M{\'e}sz{\'a}ros}, Sz. and {Shane}, N. and {Shetrone}, M. and {Smith}, V.~V. and {Zasowski}, G.},
	Date-Added = {2020-01-21 13:24:19 -0500},
	Date-Modified = {2020-01-21 13:24:19 -0500},
	Doi = {10.1088/0004-6256/149/6/181},
	Eid = {181},
	Eprint = {1502.05237},
	Journal = {\aj},
	Keywords = {astrochemistry, radiative transfer, stars: atmospheres, Astrophysics - Solar and Stellar Astrophysics},
	Month = {Jun},
	Number = {6},
	Pages = {181},
	Primaryclass = {astro-ph.SR},
	Title = {{New H-band Stellar Spectral Libraries for the SDSS-III/APOGEE Survey}},
	Volume = {149},
	Year = {2015},
	Bdsk-Url-1 = {https://doi.org/10.1088/0004-6256/149/6/181}}

@article{Bowen:1973,
	Adsnote = {Provided by the SAO/NASA Astrophysics Data System},
	Adsurl = {https://ui.adsabs.harvard.edu/abs/1973ApOpt..12.1430B},
	Author = {{Bowen}, I.~S. and {Vaughan}, A.~H., Jr.},
	Date-Added = {2020-01-21 13:22:00 -0500},
	Date-Modified = {2020-01-21 13:22:01 -0500},
	Doi = {10.1364/AO.12.001430},
	Journal = {\ao},
	Month = {Jan},
	Pages = {1430-1434},
	Title = {{The optical design of the 40-in. telescope and of the Ir{\'e}n{\'e}e DuPont telescope at Las Campanas Observatory, Chile.}},
	Volume = {12},
	Year = {1973},
	Bdsk-Url-1 = {https://doi.org/10.1364/AO.12.001430}}

@inproceedings{Aaronson:1987,
	Adsnote = {Provided by the SAO/NASA Astrophysics Data System},
	Adsurl = {https://ui.adsabs.harvard.edu/abs/1987IAUS..117..153A},
	Author = {{Aaronson}, M. and {Olszewski}, E.},
	Booktitle = {Dark matter in the universe},
	Date-Added = {2020-01-21 11:54:51 -0500},
	Date-Modified = {2020-01-21 11:54:52 -0500},
	Editor = {{Kormendy}, John and {Knapp}, G.~R.},
	Keywords = {Dark Matter, Dwarf Galaxies, Radial Velocity, Stellar Rotation, Velocity Distribution, Giant Stars, K Stars, Mass Distribution, Star Distribution, Astrophysics},
	Month = {Jan},
	Pages = {153},
	Series = {IAU Symposium},
	Title = {{The Search for Dark Matter in Draco and Ursa-Minor - a Three Year Progress Report}},
	Volume = {117},
	Year = {1987}}

@article{El-Badry:2019a,
	Adsnote = {Provided by the SAO/NASA Astrophysics Data System},
	Adsurl = {https://ui.adsabs.harvard.edu/abs/2019MNRAS.482L.139E},
	Archiveprefix = {arXiv},
	Author = {{El-Badry}, Kareem and {Rix}, Hans-Walter},
	Date-Added = {2020-01-21 10:01:40 -0500},
	Date-Modified = {2020-01-21 10:01:41 -0500},
	Doi = {10.1093/mnrasl/sly206},
	Eprint = {1809.06860},
	Journal = {\mnras},
	Keywords = {stars: abundances, binaries: visual, stars: formation, Astrophysics - Solar and Stellar Astrophysics, Astrophysics - Astrophysics of Galaxies},
	Month = {Jan},
	Number = {1},
	Pages = {L139-L144},
	Primaryclass = {astro-ph.SR},
	Title = {{The wide binary fraction of solar-type stars: emergence of metallicity dependence at a \&lt; 200 au}},
	Volume = {482},
	Year = {2019},
	Bdsk-Url-1 = {https://doi.org/10.1093/mnrasl/sly206}}

@article{Moe:2018,
	Adsnote = {Provided by the SAO/NASA Astrophysics Data System},
	Adsurl = {https://ui.adsabs.harvard.edu/abs/2018ApJ...854...44M},
	Archiveprefix = {arXiv},
	Author = {{Moe}, Maxwell and {Kratter}, Kaitlin M.},
	Date-Added = {2020-01-21 10:01:01 -0500},
	Date-Modified = {2020-01-21 10:01:03 -0500},
	Doi = {10.3847/1538-4357/aaa6d2},
	Eid = {44},
	Eprint = {1706.09894},
	Journal = {\apj},
	Keywords = {binaries: close, stars: formation, stars: kinematics and dynamics, stars: pre-main sequence, Astrophysics - Solar and Stellar Astrophysics, Astrophysics - Earth and Planetary Astrophysics},
	Month = {Feb},
	Number = {1},
	Pages = {44},
	Primaryclass = {astro-ph.SR},
	Title = {{Dynamical Formation of Close Binaries during the Pre-main-sequence Phase}},
	Volume = {854},
	Year = {2018},
	Bdsk-Url-1 = {https://doi.org/10.3847/1538-4357/aaa6d2}}

@software{Price-Whelan:2019a,
	Author = {Adrian Price-Whelan and David W. Hogg},
	Date-Added = {2019-12-31 11:54:47 -0500},
	Date-Modified = {2019-12-31 11:54:48 -0500},
	Doi = {10.5281/zenodo.3596088},
	Month = dec,
	Publisher = {Zenodo},
	Title = {adrn/thejoker v1.0},
	Url = {https://doi.org/10.5281/zenodo.3596088},
	Version = {v1.0},
	Year = 2019,
	Bdsk-Url-1 = {https://doi.org/10.5281/zenodo.3596088}}

@software{Price-Whelan:2019,
	Author = {Adrian Price-Whelan},
	Date-Added = {2019-12-31 11:48:16 -0500},
	Date-Modified = {2019-12-31 11:48:18 -0500},
	Doi = {10.5281/zenodo.3596084},
	Month = dec,
	Publisher = {Zenodo},
	Title = {adrn/hq: The version used to run on APOGEE DR16},
	Url = {https://doi.org/10.5281/zenodo.3596084},
	Version = {dr16},
	Year = 2019,
	Bdsk-Url-1 = {https://doi.org/10.5281/zenodo.3596084}}

@article{Eldridge:2009,
	Adsnote = {Provided by the SAO/NASA Astrophysics Data System},
	Adsurl = {https://ui.adsabs.harvard.edu/abs/2009MNRAS.400.1019E},
	Archiveprefix = {arXiv},
	Author = {{Eldridge}, John J. and {Stanway}, Elizabeth R.},
	Date-Added = {2019-12-31 11:26:51 -0500},
	Date-Modified = {2019-12-31 11:26:51 -0500},
	Doi = {10.1111/j.1365-2966.2009.15514.x},
	Eprint = {0908.1386},
	Journal = {\mnras},
	Keywords = {binaries: general, stars: evolution, stars: Wolf-Rayet, galaxies: starburst, galaxies: star clusters, galaxies: stellar content, Astrophysics - Cosmology and Nongalactic Astrophysics, Astrophysics - Solar and Stellar Astrophysics},
	Month = {Dec},
	Number = {2},
	Pages = {1019-1028},
	Primaryclass = {astro-ph.CO},
	Title = {{Spectral population synthesis including massive binaries}},
	Volume = {400},
	Year = {2009},
	Bdsk-Url-1 = {https://doi.org/10.1111/j.1365-2966.2009.15514.x}}

@article{Eldridge:2008,
	Adsnote = {Provided by the SAO/NASA Astrophysics Data System},
	Adsurl = {https://ui.adsabs.harvard.edu/abs/2008MNRAS.384.1109E},
	Archiveprefix = {arXiv},
	Author = {{Eldridge}, John J. and {Izzard}, Robert G. and {Tout}, Christopher A.},
	Date-Added = {2019-12-31 11:26:47 -0500},
	Date-Modified = {2019-12-31 11:26:47 -0500},
	Doi = {10.1111/j.1365-2966.2007.12738.x},
	Eprint = {0711.3079},
	Journal = {\mnras},
	Keywords = {binaries: general, stars: evolution, supergiants, supernovae: general, stars: Wolf-Rayet, Astrophysics},
	Month = {Mar},
	Number = {3},
	Pages = {1109-1118},
	Primaryclass = {astro-ph},
	Title = {{The effect of massive binaries on stellar populations and supernova progenitors}},
	Volume = {384},
	Year = {2008},
	Bdsk-Url-1 = {https://doi.org/10.1111/j.1365-2966.2007.12738.x}}

@article{Hut:1992,
	Adsnote = {Provided by the SAO/NASA Astrophysics Data System},
	Adsurl = {https://ui.adsabs.harvard.edu/abs/1992PASP..104..981H},
	Author = {{Hut}, Piet and {McMillan}, Steve and {Goodman}, Jeremy and {Mateo}, Mario and {Phinney}, E.~S. and {Pryor}, Carlton and {Richer}, Harvey B. and {Verbunt}, Frank and {Weinberg}, Martin},
	Date-Added = {2019-12-31 11:25:01 -0500},
	Date-Modified = {2019-12-31 11:25:02 -0500},
	Doi = {10.1086/133085},
	Journal = {\pasp},
	Keywords = {Binary Stars, Color-Magnitude Diagram, Globular Clusters, Stellar Motions, Astronomical Photometry, Blue Stars, Giant Stars, Radial Velocity, Variable Stars, Astrophysics, GLOBULAR CLUSTERS: GENERAL, BINARIES: VISUAL, INVITED REVIEW PAPER},
	Month = {Nov},
	Pages = {981},
	Title = {{Binaries in Globular Clusters}},
	Volume = {104},
	Year = {1992},
	Bdsk-Url-1 = {https://doi.org/10.1086/133085}}

@article{Sigurdsson:1993,
	Adsnote = {Provided by the SAO/NASA Astrophysics Data System},
	Adsurl = {https://ui.adsabs.harvard.edu/abs/1993ApJ...415..631S},
	Author = {{Sigurdsson}, Steinn and {Phinney}, E.~S.},
	Date-Added = {2019-12-31 11:23:04 -0500},
	Date-Modified = {2019-12-31 11:23:05 -0500},
	Doi = {10.1086/173190},
	Journal = {\apj},
	Keywords = {CELESTIAL MECHANICS, STELLAR DYNAMICS, GALAXY: GLOBULAR CLUSTERS: GENERAL},
	Month = {Oct},
	Pages = {631},
	Title = {{Binary--Single Star Interactions in Globular Clusters}},
	Volume = {415},
	Year = {1993},
	Bdsk-Url-1 = {https://doi.org/10.1086/173190}}

@article{Kouwenhoven:2008,
	Adsnote = {Provided by the SAO/NASA Astrophysics Data System},
	Adsurl = {https://ui.adsabs.harvard.edu/abs/2008A&A...480..103K},
	Archiveprefix = {arXiv},
	Author = {{Kouwenhoven}, M.~B.~N. and {de Grijs}, R.},
	Date-Added = {2019-12-31 11:22:37 -0500},
	Date-Modified = {2019-12-31 11:22:38 -0500},
	Doi = {10.1051/0004-6361:20078897},
	Eprint = {0712.1748},
	Journal = {\aap},
	Keywords = {galaxies: star clusters, stars: binaries: general, methods: N-body simulations, Astrophysics},
	Month = {Mar},
	Number = {1},
	Pages = {103-114},
	Primaryclass = {astro-ph},
	Title = {{The effect of binaries on the dynamical mass determination of star clusters}},
	Volume = {480},
	Year = {2008},
	Bdsk-Url-1 = {https://doi.org/10.1051/0004-6361:20078897}}

@article{Spencer:2017,
	Adsnote = {Provided by the SAO/NASA Astrophysics Data System},
	Adsurl = {https://ui.adsabs.harvard.edu/abs/2017AJ....153..254S},
	Archiveprefix = {arXiv},
	Author = {{Spencer}, Meghin E. and {Mateo}, Mario and {Walker}, Matthew G. and {Olszewski}, Edward W. and {McConnachie}, Alan W. and {Kirby}, Evan N. and {Koch}, Andreas},
	Date-Added = {2019-12-31 11:13:46 -0500},
	Date-Modified = {2019-12-31 11:13:47 -0500},
	Doi = {10.3847/1538-3881/aa6d51},
	Eid = {254},
	Eprint = {1706.04184},
	Journal = {\aj},
	Keywords = {binaries: general, galaxies: dwarf, galaxies: individual: Leo II, galaxies: kinematics and dynamics, Astrophysics - Astrophysics of Galaxies},
	Month = {Jun},
	Number = {6},
	Pages = {254},
	Primaryclass = {astro-ph.GA},
	Title = {{The Binary Fraction of Stars in Dwarf Galaxies: The Case of Leo II}},
	Volume = {153},
	Year = {2017},
	Bdsk-Url-1 = {https://doi.org/10.3847/1538-3881/aa6d51}}

@article{Spencer:2018,
	Adsnote = {Provided by the SAO/NASA Astrophysics Data System},
	Adsurl = {https://ui.adsabs.harvard.edu/abs/2018AJ....156..257S},
	Archiveprefix = {arXiv},
	Author = {{Spencer}, Meghin E. and {Mateo}, Mario and {Olszewski}, Edward W. and {Walker}, Matthew G. and {McConnachie}, Alan W. and {Kirby}, Evan N.},
	Date-Added = {2019-12-31 11:13:41 -0500},
	Date-Modified = {2019-12-31 11:13:41 -0500},
	Doi = {10.3847/1538-3881/aae3e4},
	Eid = {257},
	Eprint = {1811.06597},
	Journal = {\aj},
	Keywords = {binaries: general, galaxies: dwarf, galaxies: individual: Draco, Ursa Minor, galaxies: kinematics and dynamics, Astrophysics - Astrophysics of Galaxies},
	Month = {Dec},
	Number = {6},
	Pages = {257},
	Primaryclass = {astro-ph.GA},
	Title = {{The Binary Fraction of Stars in Dwarf Galaxies: The Cases of Draco and Ursa Minor}},
	Volume = {156},
	Year = {2018},
	Bdsk-Url-1 = {https://doi.org/10.3847/1538-3881/aae3e4}}

@article{El-Badry:2019,
	Adsnote = {Provided by the SAO/NASA Astrophysics Data System},
	Adsurl = {https://ui.adsabs.harvard.edu/abs/2019MNRAS.489.5822E},
	Archiveprefix = {arXiv},
	Author = {{El-Badry}, Kareem and {Rix}, Hans-Walter and {Tian}, Haijun and {Duch{\^e}ne}, Gaspard and {Moe}, Maxwell},
	Date-Added = {2019-12-31 10:58:56 -0500},
	Date-Modified = {2019-12-31 10:59:00 -0500},
	Doi = {10.1093/mnras/stz2480},
	Eprint = {1906.10128},
	Journal = {\mnras},
	Keywords = {binaries: general, binaries: visual, stars: formation, stars: statistics, Astrophysics - Solar and Stellar Astrophysics, Astrophysics - Astrophysics of Galaxies},
	Month = {Nov},
	Number = {4},
	Pages = {5822-5857},
	Primaryclass = {astro-ph.SR},
	Title = {{Discovery of an equal-mass `twin' binary population reaching 1000 + au separations}},
	Volume = {489},
	Year = {2019},
	Bdsk-Url-1 = {https://doi.org/10.1093/mnras/stz2480}}

@article{El-Badry:2018,
	Adsnote = {Provided by the SAO/NASA Astrophysics Data System},
	Adsurl = {https://ui.adsabs.harvard.edu/abs/2018MNRAS.473.5043E},
	Archiveprefix = {arXiv},
	Author = {{El-Badry}, Kareem and {Rix}, Hans-Walter and {Ting}, Yuan-Sen and {Weisz}, Daniel R. and {Bergemann}, Maria and {Cargile}, Phillip and {Conroy}, Charlie and {Eilers}, Anna-Christina},
	Date-Added = {2019-12-31 10:57:55 -0500},
	Date-Modified = {2019-12-31 10:57:56 -0500},
	Doi = {10.1093/mnras/stx2758},
	Eprint = {1709.03983},
	Journal = {\mnras},
	Keywords = {methods: data analysis, stars: abundances, binaries: spectroscopic, Galaxy: stellar content, Astrophysics - Solar and Stellar Astrophysics, Astrophysics - Astrophysics of Galaxies},
	Month = {Feb},
	Number = {4},
	Pages = {5043-5049},
	Primaryclass = {astro-ph.SR},
	Title = {{Signatures of unresolved binaries in stellar spectra: implications for spectral fitting}},
	Volume = {473},
	Year = {2018},
	Bdsk-Url-1 = {https://doi.org/10.1093/mnras/stx2758}}

@article{Eggleton:2008,
	Adsnote = {Provided by the SAO/NASA Astrophysics Data System},
	Adsurl = {https://ui.adsabs.harvard.edu/abs/2008MNRAS.389..869E},
	Archiveprefix = {arXiv},
	Author = {{Eggleton}, P.~P. and {Tokovinin}, A.~A.},
	Date-Added = {2019-12-31 10:49:27 -0500},
	Date-Modified = {2019-12-31 10:49:27 -0500},
	Doi = {10.1111/j.1365-2966.2008.13596.x},
	Eprint = {0806.2878},
	Journal = {\mnras},
	Keywords = {binaries: close, stars: statistics, Astrophysics},
	Month = {Sep},
	Number = {2},
	Pages = {869-879},
	Primaryclass = {astro-ph},
	Title = {{A catalogue of multiplicity among bright stellar systems}},
	Volume = {389},
	Year = {2008},
	Bdsk-Url-1 = {https://doi.org/10.1111/j.1365-2966.2008.13596.x}}

@article{Gao:2014,
	Adsnote = {Provided by the SAO/NASA Astrophysics Data System},
	Adsurl = {https://ui.adsabs.harvard.edu/abs/2014ApJ...788L..37G},
	Archiveprefix = {arXiv},
	Author = {{Gao}, Shuang and {Liu}, Chao and {Zhang}, Xiaobin and {Justham}, Stephen and {Deng}, Licai and {Yang}, Ming},
	Date-Added = {2019-12-31 10:44:41 -0500},
	Date-Modified = {2019-12-31 10:44:42 -0500},
	Doi = {10.1088/2041-8205/788/2/L37},
	Eid = {L37},
	Eprint = {1405.7105},
	Journal = {\apjl},
	Keywords = {binaries: close, binaries: spectroscopic, Galaxy: disk, stars: formation, stars: statistics, Astrophysics - Astrophysics of Galaxies, Astrophysics - Solar and Stellar Astrophysics},
	Month = {Jun},
	Number = {2},
	Pages = {L37},
	Primaryclass = {astro-ph.GA},
	Title = {{The Binarity of Milky Way F,G,K Stars as a Function of Effective Temperature and Metallicity}},
	Volume = {788},
	Year = {2014},
	Bdsk-Url-1 = {https://doi.org/10.1088/2041-8205/788/2/L37}}

@article{Jenkins:2015,
	Adsnote = {Provided by the SAO/NASA Astrophysics Data System},
	Adsurl = {https://ui.adsabs.harvard.edu/abs/2015MNRAS.453.1439J},
	Archiveprefix = {arXiv},
	Author = {{Jenkins}, J.~S. and {D{\'\i}az}, M. and {Jones}, H.~R.~A. and {Butler}, R.~P. and {Tinney}, C.~G. and {O'Toole}, S.~J. and {Carter}, B.~D. and {Wittenmyer}, R.~A. and {Pinfield}, D.~J.},
	Date-Added = {2019-12-31 10:43:17 -0500},
	Date-Modified = {2019-12-31 10:43:18 -0500},
	Doi = {10.1093/mnras/stv1596},
	Eprint = {1507.04749},
	Journal = {\mnras},
	Keywords = {catalogues, binaries: spectroscopic, brown dwarfs, stars: fundamental parameters, stars: solar-type, Astrophysics - Solar and Stellar Astrophysics, Astrophysics - Earth and Planetary Astrophysics},
	Month = {Oct},
	Number = {2},
	Pages = {1439-1457},
	Primaryclass = {astro-ph.SR},
	Title = {{The observed distribution of spectroscopic binaries from the Anglo-Australian Planet Search}},
	Volume = {453},
	Year = {2015},
	Bdsk-Url-1 = {https://doi.org/10.1093/mnras/stv1596}}

@article{Zhao:2012,
	Adsnote = {Provided by the SAO/NASA Astrophysics Data System},
	Adsurl = {https://ui.adsabs.harvard.edu/abs/2012RAA....12..723Z},
	Author = {{Zhao}, Gang and {Zhao}, Yong-Heng and {Chu}, Yao-Quan and {Jing}, Yi-Peng and {Deng}, Li-Cai},
	Date-Added = {2019-12-31 00:02:01 -0500},
	Date-Modified = {2019-12-31 00:02:02 -0500},
	Doi = {10.1088/1674-4527/12/7/002},
	Journal = {Research in Astronomy and Astrophysics},
	Month = {Jul},
	Number = {7},
	Pages = {723-734},
	Title = {{LAMOST spectral survey {\textemdash} An overview}},
	Volume = {12},
	Year = {2012},
	Bdsk-Url-1 = {https://doi.org/10.1088/1674-4527/12/7/002}}

@article{Kollmeier:2017,
	Adsnote = {Provided by the SAO/NASA Astrophysics Data System},
	Adsurl = {https://ui.adsabs.harvard.edu/abs/2017arXiv171103234K},
	Archiveprefix = {arXiv},
	Author = {{Kollmeier}, Juna A. and {Zasowski}, Gail and {Rix}, Hans-Walter and {Johns}, Matt and {Anderson}, Scott F. and {Drory}, Niv and {Johnson}, Jennifer A. and {Pogge}, Richard W. and {Bird}, Jonathan C. and {Blanc}, Guillermo A. and {Brownstein}, Joel R. and {Crane}, Jeffrey D. and {De Lee}, Nathan M. and {Klaene}, Mark A. and {Kreckel}, Kathryn and {MacDonald}, Nick and {Merloni}, Andrea and {Ness}, Melissa K. and {O'Brien}, Thomas and {Sanchez-Gallego}, Jose R. and {Sayres}, Conor C. and {Shen}, Yue and {Thakar}, Ani R. and {Tkachenko}, Andrew and {Aerts}, Conny and {Blanton}, Michael R. and {Eisenstein}, Daniel J. and {Holtzman}, Jon A. and {Maoz}, Dan and {Nandra}, Kirpal and {Rockosi}, Constance and {Weinberg}, David H. and {Bovy}, Jo and {Casey}, Andrew R. and {Chaname}, Julio and {Clerc}, Nicolas and {Conroy}, Charlie and {Eracleous}, Michael and {G{\"a}nsicke}, Boris T. and {Hekker}, Saskia and {Horne}, Keith and {Kauffmann}, Jens and {McQuinn}, Kristen B.~W. and {Pellegrini}, Eric W. and {Schinnerer}, Eva and {Schlafly}, Edward F. and {Schwope}, Axel D. and {Seibert}, Mark and {Teske}, Johanna K. and {van Saders}, Jennifer L.},
	Date-Added = {2019-12-31 00:00:30 -0500},
	Date-Modified = {2019-12-31 00:00:31 -0500},
	Eid = {arXiv:1711.03234},
	Eprint = {1711.03234},
	Journal = {arXiv e-prints},
	Keywords = {Astrophysics - Astrophysics of Galaxies},
	Month = {Nov},
	Pages = {arXiv:1711.03234},
	Primaryclass = {astro-ph.GA},
	Title = {{SDSS-V: Pioneering Panoptic Spectroscopy}},
	Year = {2017}}

@article{Gaia-Collaboration:2018,
	Adsnote = {Provided by the SAO/NASA Astrophysics Data System},
	Adsurl = {https://ui.adsabs.harvard.edu/abs/2018A&A...616A...1G},
	Archiveprefix = {arXiv},
	Author = {{Gaia Collaboration} and {Brown}, A.~G.~A. and {Vallenari}, A. and {Prusti}, T. and {de Bruijne}, J.~H.~J. and {Babusiaux}, C. and {Bailer-Jones}, C.~A.~L. and {Biermann}, M. and {Evans}, D.~W. and {Eyer}, L. and {Jansen}, F. and {Jordi}, C. and {Klioner}, S.~A. and {Lammers}, U. and {Lindegren}, L. and {Luri}, X. and {Mignard}, F. and {Panem}, C. and {Pourbaix}, D. and {Randich}, S. and {Sartoretti}, P. and {Siddiqui}, H.~I. and {Soubiran}, C. and {van Leeuwen}, F. and {Walton}, N.~A. and {Arenou}, F. and {Bastian}, U. and {Cropper}, M. and {Drimmel}, R. and {Katz}, D. and {Lattanzi}, M.~G. and {Bakker}, J. and {Cacciari}, C. and {Casta{\~n}eda}, J. and {Chaoul}, L. and {Cheek}, N. and {De Angeli}, F. and {Fabricius}, C. and {Guerra}, R. and {Holl}, B. and {Masana}, E. and {Messineo}, R. and {Mowlavi}, N. and {Nienartowicz}, K. and {Panuzzo}, P. and {Portell}, J. and {Riello}, M. and {Seabroke}, G.~M. and {Tanga}, P. and {Th{\'e}venin}, F. and {Gracia-Abril}, G. and {Comoretto}, G. and {Garcia-Reinaldos}, M. and {Teyssier}, D. and {Altmann}, M. and {Andrae}, R. and {Audard}, M. and {Bellas-Velidis}, I. and {Benson}, K. and {Berthier}, J. and {Blomme}, R. and {Burgess}, P. and {Busso}, G. and {Carry}, B. and {Cellino}, A. and {Clementini}, G. and {Clotet}, M. and {Creevey}, O. and {Davidson}, M. and {De Ridder}, J. and {Delchambre}, L. and {Dell'Oro}, A. and {Ducourant}, C. and {Fern{\'a}ndez-Hern{\'a}ndez}, J. and {Fouesneau}, M. and {Fr{\'e}mat}, Y. and {Galluccio}, L. and {Garc{\'\i}a-Torres}, M. and {Gonz{\'a}lez-N{\'u}{\~n}ez}, J. and {Gonz{\'a}lez-Vidal}, J.~J. and {Gosset}, E. and {Guy}, L.~P. and {Halbwachs}, J. -L. and {Hambly}, N.~C. and {Harrison}, D.~L. and {Hern{\'a}ndez}, J. and {Hestroffer}, D. and {Hodgkin}, S.~T. and {Hutton}, A. and {Jasniewicz}, G. and {Jean-Antoine-Piccolo}, A. and {Jordan}, S. and {Korn}, A.~J. and {Krone-Martins}, A. and {Lanzafame}, A.~C. and {Lebzelter}, T. and {L{\"o}ffler}, W. and {Manteiga}, M. and {Marrese}, P.~M. and {Mart{\'\i}n-Fleitas}, J.~M. and {Moitinho}, A. and {Mora}, A. and {Muinonen}, K. and {Osinde}, J. and {Pancino}, E. and {Pauwels}, T. and {Petit}, J. -M. and {Recio-Blanco}, A. and {Richards}, P.~J. and {Rimoldini}, L. and {Robin}, A.~C. and {Sarro}, L.~M. and {Siopis}, C. and {Smith}, M. and {Sozzetti}, A. and {S{\"u}veges}, M. and {Torra}, J. and {van Reeven}, W. and {Abbas}, U. and {Abreu Aramburu}, A. and {Accart}, S. and {Aerts}, C. and {Altavilla}, G. and {{\'A}lvarez}, M.~A. and {Alvarez}, R. and {Alves}, J. and {Anderson}, R.~I. and {Andrei}, A.~H. and {Anglada Varela}, E. and {Antiche}, E. and {Antoja}, T. and {Arcay}, B. and {Astraatmadja}, T.~L. and {Bach}, N. and {Baker}, S.~G. and {Balaguer-N{\'u}{\~n}ez}, L. and {Balm}, P. and {Barache}, C. and {Barata}, C. and {Barbato}, D. and {Barblan}, F. and {Barklem}, P.~S. and {Barrado}, D. and {Barros}, M. and {Barstow}, M.~A. and {Bartholom{\'e} Mu{\~n}oz}, S. and {Bassilana}, J. -L. and {Becciani}, U. and {Bellazzini}, M. and {Berihuete}, A. and {Bertone}, S. and {Bianchi}, L. and {Bienaym{\'e}}, O. and {Blanco-Cuaresma}, S. and {Boch}, T. and {Boeche}, C. and {Bombrun}, A. and {Borrachero}, R. and {Bossini}, D. and {Bouquillon}, S. and {Bourda}, G. and {Bragaglia}, A. and {Bramante}, L. and {Breddels}, M.~A. and {Bressan}, A. and {Brouillet}, N. and {Br{\"u}semeister}, T. and {Brugaletta}, E. and {Bucciarelli}, B. and {Burlacu}, A. and {Busonero}, D. and {Butkevich}, A.~G. and {Buzzi}, R. and {Caffau}, E. and {Cancelliere}, R. and {Cannizzaro}, G. and {Cantat-Gaudin}, T. and {Carballo}, R. and {Carlucci}, T. and {Carrasco}, J.~M. and {Casamiquela}, L. and {Castellani}, M. and {Castro-Ginard}, A. and {Charlot}, P. and {Chemin}, L. and {Chiavassa}, A. and {Cocozza}, G. and {Costigan}, G. and {Cowell}, S. and {Crifo}, F. and {Crosta}, M. and {Crowley}, C. and {Cuypers}, J. and {Dafonte}, C. and {Damerdji}, Y. and {Dapergolas}, A. and {David}, P. and {David}, M. and {de Laverny}, P. and {De Luise}, F. and {De March}, R. and {de Martino}, D. and {de Souza}, R. and {de Torres}, A. and {Debosscher}, J. and {del Pozo}, E. and {Delbo}, M. and {Delgado}, A. and {Delgado}, H.~E. and {Di Matteo}, P. and {Diakite}, S. and {Diener}, C. and {Distefano}, E. and {Dolding}, C. and {Drazinos}, P. and {Dur{\'a}n}, J. and {Edvardsson}, B. and {Enke}, H. and {Eriksson}, K. and {Esquej}, P. and {Eynard Bontemps}, G. and {Fabre}, C. and {Fabrizio}, M. and {Faigler}, S. and {Falc{\~a}o}, A.~J. and {Farr{\`a}s Casas}, M. and {Federici}, L. and {Fedorets}, G. and {Fernique}, P. and {Figueras}, F. and {Filippi}, F. and {Findeisen}, K. and {Fonti}, A. and {Fraile}, E. and {Fraser}, M. and {Fr{\'e}zouls}, B. and {Gai}, M. and {Galleti}, S. and {Garabato}, D. and {Garc{\'\i}a-Sedano}, F. and {Garofalo}, A. and {Garralda}, N. and {Gavel}, A. and {Gavras}, P. and {Gerssen}, J. and {Geyer}, R. and {Giacobbe}, P. and {Gilmore}, G. and {Girona}, S. and {Giuffrida}, G. and {Glass}, F. and {Gomes}, M. and {Granvik}, M. and {Gueguen}, A. and {Guerrier}, A. and {Guiraud}, J. and {Guti{\'e}rrez-S{\'a}nchez}, R. and {Haigron}, R. and {Hatzidimitriou}, D. and {Hauser}, M. and {Haywood}, M. and {Heiter}, U. and {Helmi}, A. and {Heu}, J. and {Hilger}, T. and {Hobbs}, D. and {Hofmann}, W. and {Holland}, G. and {Huckle}, H.~E. and {Hypki}, A. and {Icardi}, V. and {Jan{\ss}en}, K. and {Jevardat de Fombelle}, G. and {Jonker}, P.~G. and {Juh{\'a}sz}, {\'A}. L. and {Julbe}, F. and {Karampelas}, A. and {Kewley}, A. and {Klar}, J. and {Kochoska}, A. and {Kohley}, R. and {Kolenberg}, K. and {Kontizas}, M. and {Kontizas}, E. and {Koposov}, S.~E. and {Kordopatis}, G. and {Kostrzewa-Rutkowska}, Z. and {Koubsky}, P. and {Lambert}, S. and {Lanza}, A.~F. and {Lasne}, Y. and {Lavigne}, J. -B. and {Le Fustec}, Y. and {Le Poncin-Lafitte}, C. and {Lebreton}, Y. and {Leccia}, S. and {Leclerc}, N. and {Lecoeur-Taibi}, I. and {Lenhardt}, H. and {Leroux}, F. and {Liao}, S. and {Licata}, E. and {Lindstr{\o}m}, H.~E.~P. and {Lister}, T.~A. and {Livanou}, E. and {Lobel}, A. and {L{\'o}pez}, M. and {Managau}, S. and {Mann}, R.~G. and {Mantelet}, G. and {Marchal}, O. and {Marchant}, J.~M. and {Marconi}, M. and {Marinoni}, S. and {Marschalk{\'o}}, G. and {Marshall}, D.~J. and {Martino}, M. and {Marton}, G. and {Mary}, N. and {Massari}, D. and {Matijevi{\v{c}}}, G. and {Mazeh}, T. and {McMillan}, P.~J. and {Messina}, S. and {Michalik}, D. and {Millar}, N.~R. and {Molina}, D. and {Molinaro}, R. and {Moln{\'a}r}, L. and {Montegriffo}, P. and {Mor}, R. and {Morbidelli}, R. and {Morel}, T. and {Morris}, D. and {Mulone}, A.~F. and {Muraveva}, T. and {Musella}, I. and {Nelemans}, G. and {Nicastro}, L. and {Noval}, L. and {O'Mullane}, W. and {Ord{\'e}novic}, C. and {Ord{\'o}{\~n}ez-Blanco}, D. and {Osborne}, P. and {Pagani}, C. and {Pagano}, I. and {Pailler}, F. and {Palacin}, H. and {Palaversa}, L. and {Panahi}, A. and {Pawlak}, M. and {Piersimoni}, A.~M. and {Pineau}, F. -X. and {Plachy}, E. and {Plum}, G. and {Poggio}, E. and {Poujoulet}, E. and {Pr{\v{s}}a}, A. and {Pulone}, L. and {Racero}, E. and {Ragaini}, S. and {Rambaux}, N. and {Ramos-Lerate}, M. and {Regibo}, S. and {Reyl{\'e}}, C. and {Riclet}, F. and {Ripepi}, V. and {Riva}, A. and {Rivard}, A. and {Rixon}, G. and {Roegiers}, T. and {Roelens}, M. and {Romero-G{\'o}mez}, M. and {Rowell}, N. and {Royer}, F. and {Ruiz-Dern}, L. and {Sadowski}, G. and {Sagrist{\`a} Sell{\'e}s}, T. and {Sahlmann}, J. and {Salgado}, J. and {Salguero}, E. and {Sanna}, N. and {Santana-Ros}, T. and {Sarasso}, M. and {Savietto}, H. and {Schultheis}, M. and {Sciacca}, E. and {Segol}, M. and {Segovia}, J.~C. and {S{\'e}gransan}, D. and {Shih}, I. -C. and {Siltala}, L. and {Silva}, A.~F. and {Smart}, R.~L. and {Smith}, K.~W. and {Solano}, E. and {Solitro}, F. and {Sordo}, R. and {Soria Nieto}, S. and {Souchay}, J. and {Spagna}, A. and {Spoto}, F. and {Stampa}, U. and {Steele}, I.~A. and {Steidelm{\"u}ller}, H. and {Stephenson}, C.~A. and {Stoev}, H. and {Suess}, F.~F. and {Surdej}, J. and {Szabados}, L. and {Szegedi-Elek}, E. and {Tapiador}, D. and {Taris}, F. and {Tauran}, G. and {Taylor}, M.~B. and {Teixeira}, R. and {Terrett}, D. and {Teyssand ier}, P. and {Thuillot}, W. and {Titarenko}, A. and {Torra Clotet}, F. and {Turon}, C. and {Ulla}, A. and {Utrilla}, E. and {Uzzi}, S. and {Vaillant}, M. and {Valentini}, G. and {Valette}, V. and {van Elteren}, A. and {Van Hemelryck}, E. and {van Leeuwen}, M. and {Vaschetto}, M. and {Vecchiato}, A. and {Veljanoski}, J. and {Viala}, Y. and {Vicente}, D. and {Vogt}, S. and {von Essen}, C. and {Voss}, H. and {Votruba}, V. and {Voutsinas}, S. and {Walmsley}, G. and {Weiler}, M. and {Wertz}, O. and {Wevers}, T. and {Wyrzykowski}, {\L}. and {Yoldas}, A. and {{\v{Z}}erjal}, M. and {Ziaeepour}, H. and {Zorec}, J. and {Zschocke}, S. and {Zucker}, S. and {Zurbach}, C. and {Zwitter}, T.},
	Date-Added = {2019-12-30 23:59:34 -0500},
	Date-Modified = {2019-12-30 23:59:35 -0500},
	Doi = {10.1051/0004-6361/201833051},
	Eid = {A1},
	Eprint = {1804.09365},
	Journal = {\aap},
	Keywords = {catalogs, astrometry, techniques: radial velocities, stars: fundamental parameters, stars: variables: general, minor planets, asteroids: general, Astrophysics - Astrophysics of Galaxies, Astrophysics - Instrumentation and Methods for Astrophysics},
	Month = {Aug},
	Pages = {A1},
	Primaryclass = {astro-ph.GA},
	Title = {{Gaia Data Release 2. Summary of the contents and survey properties}},
	Volume = {616},
	Year = {2018},
	Bdsk-Url-1 = {https://doi.org/10.1051/0004-6361/201833051}}

@article{Gaia-Collaboration:2016,
	Adsnote = {Provided by the SAO/NASA Astrophysics Data System},
	Adsurl = {https://ui.adsabs.harvard.edu/abs/2016A&A...595A...1G},
	Archiveprefix = {arXiv},
	Author = {{Gaia Collaboration} and {Prusti}, T. and {de Bruijne}, J.~H.~J. and {Brown}, A.~G.~A. and {Vallenari}, A. and {Babusiaux}, C. and {Bailer-Jones}, C.~A.~L. and {Bastian}, U. and {Biermann}, M. and {Evans}, D.~W. and {Eyer}, L. and {Jansen}, F. and {Jordi}, C. and {Klioner}, S.~A. and {Lammers}, U. and {Lindegren}, L. and {Luri}, X. and {Mignard}, F. and {Milligan}, D.~J. and {Panem}, C. and {Poinsignon}, V. and {Pourbaix}, D. and {Randich}, S. and {Sarri}, G. and {Sartoretti}, P. and {Siddiqui}, H.~I. and {Soubiran}, C. and {Valette}, V. and {van Leeuwen}, F. and {Walton}, N.~A. and {Aerts}, C. and {Arenou}, F. and {Cropper}, M. and {Drimmel}, R. and {H{\o}g}, E. and {Katz}, D. and {Lattanzi}, M.~G. and {O'Mullane}, W. and {Grebel}, E.~K. and {Holland}, A.~D. and {Huc}, C. and {Passot}, X. and {Bramante}, L. and {Cacciari}, C. and {Casta{\~n}eda}, J. and {Chaoul}, L. and {Cheek}, N. and {De Angeli}, F. and {Fabricius}, C. and {Guerra}, R. and {Hern{\'a}ndez}, J. and {Jean-Antoine-Piccolo}, A. and {Masana}, E. and {Messineo}, R. and {Mowlavi}, N. and {Nienartowicz}, K. and {Ord{\'o}{\~n}ez-Blanco}, D. and {Panuzzo}, P. and {Portell}, J. and {Richards}, P.~J. and {Riello}, M. and {Seabroke}, G.~M. and {Tanga}, P. and {Th{\'e}venin}, F. and {Torra}, J. and {Els}, S.~G. and {Gracia-Abril}, G. and {Comoretto}, G. and {Garcia-Reinaldos}, M. and {Lock}, T. and {Mercier}, E. and {Altmann}, M. and {Andrae}, R. and {Astraatmadja}, T.~L. and {Bellas-Velidis}, I. and {Benson}, K. and {Berthier}, J. and {Blomme}, R. and {Busso}, G. and {Carry}, B. and {Cellino}, A. and {Clementini}, G. and {Cowell}, S. and {Creevey}, O. and {Cuypers}, J. and {Davidson}, M. and {De Ridder}, J. and {de Torres}, A. and {Delchambre}, L. and {Dell'Oro}, A. and {Ducourant}, C. and {Fr{\'e}mat}, Y. and {Garc{\'\i}a-Torres}, M. and {Gosset}, E. and {Halbwachs}, J. -L. and {Hambly}, N.~C. and {Harrison}, D.~L. and {Hauser}, M. and {Hestroffer}, D. and {Hodgkin}, S.~T. and {Huckle}, H.~E. and {Hutton}, A. and {Jasniewicz}, G. and {Jordan}, S. and {Kontizas}, M. and {Korn}, A.~J. and {Lanzafame}, A.~C. and {Manteiga}, M. and {Moitinho}, A. and {Muinonen}, K. and {Osinde}, J. and {Pancino}, E. and {Pauwels}, T. and {Petit}, J. -M. and {Recio-Blanco}, A. and {Robin}, A.~C. and {Sarro}, L.~M. and {Siopis}, C. and {Smith}, M. and {Smith}, K.~W. and {Sozzetti}, A. and {Thuillot}, W. and {van Reeven}, W. and {Viala}, Y. and {Abbas}, U. and {Abreu Aramburu}, A. and {Accart}, S. and {Aguado}, J.~J. and {Allan}, P.~M. and {Allasia}, W. and {Altavilla}, G. and {{\'A}lvarez}, M.~A. and {Alves}, J. and {Anderson}, R.~I. and {Andrei}, A.~H. and {Anglada Varela}, E. and {Antiche}, E. and {Antoja}, T. and {Ant{\'o}n}, S. and {Arcay}, B. and {Atzei}, A. and {Ayache}, L. and {Bach}, N. and {Baker}, S.~G. and {Balaguer-N{\'u}{\~n}ez}, L. and {Barache}, C. and {Barata}, C. and {Barbier}, A. and {Barblan}, F. and {Baroni}, M. and {Barrado y Navascu{\'e}s}, D. and {Barros}, M. and {Barstow}, M.~A. and {Becciani}, U. and {Bellazzini}, M. and {Bellei}, G. and {Bello Garc{\'\i}a}, A. and {Belokurov}, V. and {Bendjoya}, P. and {Berihuete}, A. and {Bianchi}, L. and {Bienaym{\'e}}, O. and {Billebaud}, F. and {Blagorodnova}, N. and {Blanco-Cuaresma}, S. and {Boch}, T. and {Bombrun}, A. and {Borrachero}, R. and {Bouquillon}, S. and {Bourda}, G. and {Bouy}, H. and {Bragaglia}, A. and {Breddels}, M.~A. and {Brouillet}, N. and {Br{\"u}semeister}, T. and {Bucciarelli}, B. and {Budnik}, F. and {Burgess}, P. and {Burgon}, R. and {Burlacu}, A. and {Busonero}, D. and {Buzzi}, R. and {Caffau}, E. and {Cambras}, J. and {Campbell}, H. and {Cancelliere}, R. and {Cantat-Gaudin}, T. and {Carlucci}, T. and {Carrasco}, J.~M. and {Castellani}, M. and {Charlot}, P. and {Charnas}, J. and {Charvet}, P. and {Chassat}, F. and {Chiavassa}, A. and {Clotet}, M. and {Cocozza}, G. and {Collins}, R.~S. and {Collins}, P. and {Costigan}, G. and {Crifo}, F. and {Cross}, N.~J.~G. and {Crosta}, M. and {Crowley}, C. and {Dafonte}, C. and {Damerdji}, Y. and {Dapergolas}, A. and {David}, P. and {David}, M. and {De Cat}, P. and {de Felice}, F. and {de Laverny}, P. and {De Luise}, F. and {De March}, R. and {de Martino}, D. and {de Souza}, R. and {Debosscher}, J. and {del Pozo}, E. and {Delbo}, M. and {Delgado}, A. and {Delgado}, H.~E. and {di Marco}, F. and {Di Matteo}, P. and {Diakite}, S. and {Distefano}, E. and {Dolding}, C. and {Dos Anjos}, S. and {Drazinos}, P. and {Dur{\'a}n}, J. and {Dzigan}, Y. and {Ecale}, E. and {Edvardsson}, B. and {Enke}, H. and {Erdmann}, M. and {Escolar}, D. and {Espina}, M. and {Evans}, N.~W. and {Eynard Bontemps}, G. and {Fabre}, C. and {Fabrizio}, M. and {Faigler}, S. and {Falc{\~a}o}, A.~J. and {Farr{\`a}s Casas}, M. and {Faye}, F. and {Federici}, L. and {Fedorets}, G. and {Fern{\'a}ndez-Hern{\'a}ndez}, J. and {Fernique}, P. and {Fienga}, A. and {Figueras}, F. and {Filippi}, F. and {Findeisen}, K. and {Fonti}, A. and {Fouesneau}, M. and {Fraile}, E. and {Fraser}, M. and {Fuchs}, J. and {Furnell}, R. and {Gai}, M. and {Galleti}, S. and {Galluccio}, L. and {Garabato}, D. and {Garc{\'\i}a-Sedano}, F. and {Gar{\'e}}, P. and {Garofalo}, A. and {Garralda}, N. and {Gavras}, P. and {Gerssen}, J. and {Geyer}, R. and {Gilmore}, G. and {Girona}, S. and {Giuffrida}, G. and {Gomes}, M. and {Gonz{\'a}lez-Marcos}, A. and {Gonz{\'a}lez-N{\'u}{\~n}ez}, J. and {Gonz{\'a}lez-Vidal}, J.~J. and {Granvik}, M. and {Guerrier}, A. and {Guillout}, P. and {Guiraud}, J. and {G{\'u}rpide}, A. and {Guti{\'e}rrez-S{\'a}nchez}, R. and {Guy}, L.~P. and {Haigron}, R. and {Hatzidimitriou}, D. and {Haywood}, M. and {Heiter}, U. and {Helmi}, A. and {Hobbs}, D. and {Hofmann}, W. and {Holl}, B. and {Holland }, G. and {Hunt}, J.~A.~S. and {Hypki}, A. and {Icardi}, V. and {Irwin}, M. and {Jevardat de Fombelle}, G. and {Jofr{\'e}}, P. and {Jonker}, P.~G. and {Jorissen}, A. and {Julbe}, F. and {Karampelas}, A. and {Kochoska}, A. and {Kohley}, R. and {Kolenberg}, K. and {Kontizas}, E. and {Koposov}, S.~E. and {Kordopatis}, G. and {Koubsky}, P. and {Kowalczyk}, A. and {Krone-Martins}, A. and {Kudryashova}, M. and {Kull}, I. and {Bachchan}, R.~K. and {Lacoste-Seris}, F. and {Lanza}, A.~F. and {Lavigne}, J. -B. and {Le Poncin-Lafitte}, C. and {Lebreton}, Y. and {Lebzelter}, T. and {Leccia}, S. and {Leclerc}, N. and {Lecoeur-Taibi}, I. and {Lemaitre}, V. and {Lenhardt}, H. and {Leroux}, F. and {Liao}, S. and {Licata}, E. and {Lindstr{\o}m}, H.~E.~P. and {Lister}, T.~A. and {Livanou}, E. and {Lobel}, A. and {L{\"o}ffler}, W. and {L{\'o}pez}, M. and {Lopez-Lozano}, A. and {Lorenz}, D. and {Loureiro}, T. and {MacDonald}, I. and {Magalh{\~a}es Fernandes}, T. and {Managau}, S. and {Mann}, R.~G. and {Mantelet}, G. and {Marchal}, O. and {Marchant}, J.~M. and {Marconi}, M. and {Marie}, J. and {Marinoni}, S. and {Marrese}, P.~M. and {Marschalk{\'o}}, G. and {Marshall}, D.~J. and {Mart{\'\i}n-Fleitas}, J.~M. and {Martino}, M. and {Mary}, N. and {Matijevi{\v{c}}}, G. and {Mazeh}, T. and {McMillan}, P.~J. and {Messina}, S. and {Mestre}, A. and {Michalik}, D. and {Millar}, N.~R. and {Miranda}, B.~M.~H. and {Molina}, D. and {Molinaro}, R. and {Molinaro}, M. and {Moln{\'a}r}, L. and {Moniez}, M. and {Montegriffo}, P. and {Monteiro}, D. and {Mor}, R. and {Mora}, A. and {Morbidelli}, R. and {Morel}, T. and {Morgenthaler}, S. and {Morley}, T. and {Morris}, D. and {Mulone}, A.~F. and {Muraveva}, T. and {Musella}, I. and {Narbonne}, J. and {Nelemans}, G. and {Nicastro}, L. and {Noval}, L. and {Ord{\'e}novic}, C. and {Ordieres-Mer{\'e}}, J. and {Osborne}, P. and {Pagani}, C. and {Pagano}, I. and {Pailler}, F. and {Palacin}, H. and {Palaversa}, L. and {Parsons}, P. and {Paulsen}, T. and {Pecoraro}, M. and {Pedrosa}, R. and {Pentik{\"a}inen}, H. and {Pereira}, J. and {Pichon}, B. and {Piersimoni}, A.~M. and {Pineau}, F. -X. and {Plachy}, E. and {Plum}, G. and {Poujoulet}, E. and {Pr{\v{s}}a}, A. and {Pulone}, L. and {Ragaini}, S. and {Rago}, S. and {Rambaux}, N. and {Ramos-Lerate}, M. and {Ranalli}, P. and {Rauw}, G. and {Read}, A. and {Regibo}, S. and {Renk}, F. and {Reyl{\'e}}, C. and {Ribeiro}, R.~A. and {Rimoldini}, L. and {Ripepi}, V. and {Riva}, A. and {Rixon}, G. and {Roelens}, M. and {Romero-G{\'o}mez}, M. and {Rowell}, N. and {Royer}, F. and {Rudolph}, A. and {Ruiz-Dern}, L. and {Sadowski}, G. and {Sagrist{\`a} Sell{\'e}s}, T. and {Sahlmann}, J. and {Salgado}, J. and {Salguero}, E. and {Sarasso}, M. and {Savietto}, H. and {Schnorhk}, A. and {Schultheis}, M. and {Sciacca}, E. and {Segol}, M. and {Segovia}, J.~C. and {Segransan}, D. and {Serpell}, E. and {Shih}, I. -C. and {Smareglia}, R. and {Smart}, R.~L. and {Smith}, C. and {Solano}, E. and {Solitro}, F. and {Sordo}, R. and {Soria Nieto}, S. and {Souchay}, J. and {Spagna}, A. and {Spoto}, F. and {Stampa}, U. and {Steele}, I.~A. and {Steidelm{\"u}ller}, H. and {Stephenson}, C.~A. and {Stoev}, H. and {Suess}, F.~F. and {S{\"u}veges}, M. and {Surdej}, J. and {Szabados}, L. and {Szegedi-Elek}, E. and {Tapiador}, D. and {Taris}, F. and {Tauran}, G. and {Taylor}, M.~B. and {Teixeira}, R. and {Terrett}, D. and {Tingley}, B. and {Trager}, S.~C. and {Turon}, C. and {Ulla}, A. and {Utrilla}, E. and {Valentini}, G. and {van Elteren}, A. and {Van Hemelryck}, E. and {van Leeuwen}, M. and {Varadi}, M. and {Vecchiato}, A. and {Veljanoski}, J. and {Via}, T. and {Vicente}, D. and {Vogt}, S. and {Voss}, H. and {Votruba}, V. and {Voutsinas}, S. and {Walmsley}, G. and {Weiler}, M. and {Weingrill}, K. and {Werner}, D. and {Wevers}, T. and {Whitehead}, G. and {Wyrzykowski}, {\L}. and {Yoldas}, A. and {{\v{Z}}erjal}, M. and {Zucker}, S. and {Zurbach}, C. and {Zwitter}, T. and {Alecu}, A. and {Allen}, M. and {Allende Prieto}, C. and {Amorim}, A. and {Anglada-Escud{\'e}}, G. and {Arsenijevic}, V. and {Azaz}, S. and {Balm}, P. and {Beck}, M. and {Bernstein}, H. -H. and {Bigot}, L. and {Bijaoui}, A. and {Blasco}, C. and {Bonfigli}, M. and {Bono}, G. and {Boudreault}, S. and {Bressan}, A. and {Brown}, S. and {Brunet}, P. -M. and {Bunclark}, P. and {Buonanno}, R. and {Butkevich}, A.~G. and {Carret}, C. and {Carrion}, C. and {Chemin}, L. and {Ch{\'e}reau}, F. and {Corcione}, L. and {Darmigny}, E. and {de Boer}, K.~S. and {de Teodoro}, P. and {de Zeeuw}, P.~T. and {Delle Luche}, C. and {Domingues}, C.~D. and {Dubath}, P. and {Fodor}, F. and {Fr{\'e}zouls}, B. and {Fries}, A. and {Fustes}, D. and {Fyfe}, D. and {Gallardo}, E. and {Gallegos}, J. and {Gardiol}, D. and {Gebran}, M. and {Gomboc}, A. and {G{\'o}mez}, A. and {Grux}, E. and {Gueguen}, A. and {Heyrovsky}, A. and {Hoar}, J. and {Iannicola}, G. and {Isasi Parache}, Y. and {Janotto}, A. -M. and {Joliet}, E. and {Jonckheere}, A. and {Keil}, R. and {Kim}, D. -W. and {Klagyivik}, P. and {Klar}, J. and {Knude}, J. and {Kochukhov}, O. and {Kolka}, I. and {Kos}, J. and {Kutka}, A. and {Lainey}, V. and {LeBouquin}, D. and {Liu}, C. and {Loreggia}, D. and {Makarov}, V.~V. and {Marseille}, M.~G. and {Martayan}, C. and {Martinez-Rubi}, O. and {Massart}, B. and {Meynadier}, F. and {Mignot}, S. and {Munari}, U. and {Nguyen}, A. -T. and {Nordlander}, T. and {Ocvirk}, P. and {O'Flaherty}, K.~S. and {Olias Sanz}, A. and {Ortiz}, P. and {Osorio}, J. and {Oszkiewicz}, D. and {Ouzounis}, A. and {Palmer}, M. and {Park}, P. and {Pasquato}, E. and {Peltzer}, C. and {Peralta}, J. and {P{\'e}turaud}, F. and {Pieniluoma}, T. and {Pigozzi}, E. and {Poels}, J. and {Prat}, G. and {Prod'homme}, T. and {Raison}, F. and {Rebordao}, J.~M. and {Risquez}, D. and {Rocca-Volmerange}, B. and {Rosen}, S. and {Ruiz-Fuertes}, M.~I. and {Russo}, F. and {Sembay}, S. and {Serraller Vizcaino}, I. and {Short}, A. and {Siebert}, A. and {Silva}, H. and {Sinachopoulos}, D. and {Slezak}, E. and {Soffel}, M. and {Sosnowska}, D. and {Strai{\v{z}}ys}, V. and {ter Linden}, M. and {Terrell}, D. and {Theil}, S. and {Tiede}, C. and {Troisi}, L. and {Tsalmantza}, P. and {Tur}, D. and {Vaccari}, M. and {Vachier}, F. and {Valles}, P. and {Van Hamme}, W. and {Veltz}, L. and {Virtanen}, J. and {Wallut}, J. -M. and {Wichmann}, R. and {Wilkinson}, M.~I. and {Ziaeepour}, H. and {Zschocke}, S.},
	Date-Added = {2019-12-30 23:59:08 -0500},
	Date-Modified = {2019-12-30 23:59:09 -0500},
	Doi = {10.1051/0004-6361/201629272},
	Eid = {A1},
	Eprint = {1609.04153},
	Journal = {\aap},
	Keywords = {space vehicles: instruments, Galaxy: structure, astrometry, parallaxes, proper motions, telescopes, Astrophysics - Instrumentation and Methods for Astrophysics},
	Month = {Nov},
	Pages = {A1},
	Primaryclass = {astro-ph.IM},
	Title = {{The Gaia mission}},
	Volume = {595},
	Year = {2016},
	Bdsk-Url-1 = {https://doi.org/10.1051/0004-6361/201629272}}

@article{Hogg:2010,
	Adsnote = {Provided by the SAO/NASA Astrophysics Data System},
	Adsurl = {https://ui.adsabs.harvard.edu/abs/2010ApJ...725.2166H},
	Archiveprefix = {arXiv},
	Author = {{Hogg}, David W. and {Myers}, Adam D. and {Bovy}, Jo},
	Date-Added = {2019-12-30 22:50:50 -0500},
	Date-Modified = {2019-12-30 22:50:52 -0500},
	Doi = {10.1088/0004-637X/725/2/2166},
	Eprint = {1008.4146},
	Journal = {\apj},
	Keywords = {binaries: general, methods: data analysis, methods: statistical, planetary systems, planets and satellites: fundamental parameters, stars: kinematics and dynamics, Astrophysics - Solar and Stellar Astrophysics, Astrophysics - Earth and Planetary Astrophysics, Astrophysics - Instrumentation and Methods for Astrophysics, Physics - Data Analysis, Statistics and Probability},
	Month = {Dec},
	Number = {2},
	Pages = {2166-2175},
	Primaryclass = {astro-ph.SR},
	Title = {{Inferring the Eccentricity Distribution}},
	Volume = {725},
	Year = {2010},
	Bdsk-Url-1 = {https://doi.org/10.1088/0004-637X/725/2/2166}}

@article{Cromartie:2019,
	Adsnote = {Provided by the SAO/NASA Astrophysics Data System},
	Adsurl = {https://ui.adsabs.harvard.edu/abs/2019NatAs.tmp..439C},
	Archiveprefix = {arXiv},
	Author = {{Cromartie}, H.~T. and {Fonseca}, E. and {Ransom}, S.~M. and {Demorest}, P.~B. and {Arzoumanian}, Z. and {Blumer}, H. and {Brook}, P.~R. and {DeCesar}, M.~E. and {Dolch}, T. and {Ellis}, J.~A. and {Ferdman}, R.~D. and {Ferrara}, E.~C. and {Garver-Daniels}, N. and {Gentile}, P.~A. and {Jones}, M.~L. and {Lam}, M.~T. and {Lorimer}, D.~R. and {Lynch}, R.~S. and {McLaughlin}, M.~A. and {Ng}, C. and {Nice}, D.~J. and {Pennucci}, T.~T. and {Spiewak}, R. and {Stairs}, I.~H. and {Stovall}, K. and {Swiggum}, J.~K. and {Zhu}, W.~W.},
	Date-Added = {2019-12-30 21:52:33 -0500},
	Date-Modified = {2019-12-30 21:52:35 -0500},
	Doi = {10.1038/s41550-019-0880-2},
	Eprint = {1904.06759},
	Journal = {Nature Astronomy},
	Keywords = {Astrophysics - High Energy Astrophysical Phenomena},
	Month = {Sep},
	Pages = {439},
	Primaryclass = {astro-ph.HE},
	Title = {{Relativistic Shapiro delay measurements of an extremely massive millisecond pulsar}},
	Year = {2019},
	Bdsk-Url-1 = {https://doi.org/10.1038/s41550-019-0880-2}}

@article{Thompson:2019,
	Adsnote = {Provided by the SAO/NASA Astrophysics Data System},
	Adsurl = {https://ui.adsabs.harvard.edu/abs/2019Sci...366..637T},
	Archiveprefix = {arXiv},
	Author = {{Thompson}, Todd A. and {Kochanek}, Christopher S. and {Stanek}, Krzysztof Z. and {Badenes}, Carles and {Post}, Richard S. and {Jayasinghe}, Tharindu and {Latham}, David W. and {Bieryla}, Allyson and {Esquerdo}, Gilbert A. and {Berlind}, Perry and {Calkins}, Michael L. and {Tayar}, Jamie and {Lindegren}, Lennart and {Johnson}, Jennifer A. and {Holoien}, Thomas W. -S. and {Auchettl}, Katie and {Covey}, Kevin},
	Date-Added = {2019-12-30 21:47:15 -0500},
	Date-Modified = {2019-12-30 21:47:17 -0500},
	Doi = {10.1126/science.aau4005},
	Eprint = {1806.02751},
	Journal = {Science},
	Keywords = {ASTRONOMY, Astrophysics - High Energy Astrophysical Phenomena, Astrophysics - Solar and Stellar Astrophysics},
	Month = {Nov},
	Number = {6465},
	Pages = {637-640},
	Primaryclass = {astro-ph.HE},
	Title = {{A noninteracting low-mass black hole─giant star binary system}},
	Volume = {366},
	Year = {2019},
	Bdsk-Url-1 = {https://doi.org/10.1126/science.aau4005}}

@inbook{Ricker:2014,
	Adsnote = {Provided by the SAO/NASA Astrophysics Data System},
	Adsurl = {https://ui.adsabs.harvard.edu/abs/2014SPIE.9143E..20R},
	Author = {{Ricker}, George R. and {Winn}, Joshua N. and {Vanderspek}, Roland and {Latham}, David W. and {Bakos}, G{\'a}sp{\'a}r. {\'A}. and {Bean}, Jacob L. and {Berta-Thompson}, Zachory K. and {Brown}, Timothy M. and {Buchhave}, Lars and {Butler}, Nathaniel R. and {Butler}, R. Paul and {Chaplin}, William J. and {Charbonneau}, David and {Christensen-Dalsgaard}, J{\o}rgen and {Clampin}, Mark and {Deming}, Drake and {Doty}, John and {De Lee}, Nathan and {Dressing}, Courtney and {Dunham}, E.~W. and {Endl}, Michael and {Fressin}, Francois and {Ge}, Jian and {Henning}, Thomas and {Holman}, Matthew J. and {Howard}, Andrew W. and {Ida}, Shigeru and {Jenkins}, Jon and {Jernigan}, Garrett and {Johnson}, John A. and {Kaltenegger}, Lisa and {Kawai}, Nobuyuki and {Kjeldsen}, Hans and {Laughlin}, Gregory and {Levine}, Alan M. and {Lin}, Douglas and {Lissauer}, Jack J. and {MacQueen}, Phillip and {Marcy}, Geoffrey and {McCullough}, P.~R. and {Morton}, Timothy D. and {Narita}, Norio and {Paegert}, Martin and {Palle}, Enric and {Pepe}, Francesco and {Pepper}, Joshua and {Quirrenbach}, Andreas and {Rinehart}, S.~A. and {Sasselov}, Dimitar and {Sato}, Bun'ei and {Seager}, Sara and {Sozzetti}, Alessandro and {Stassun}, Keivan G. and {Sullivan}, Peter and {Szentgyorgyi}, Andrew and {Torres}, Guillermo and {Udry}, Stephane and {Villasenor}, Joel},
	Booktitle = {Proceedings of the SPIE, Volume 9143, id. 914320 15 pp. (2014).},
	Date-Added = {2019-12-30 17:31:11 -0500},
	Date-Modified = {2019-12-30 17:31:12 -0500},
	Doi = {10.1117/12.2063489},
	Eid = {914320},
	Keywords = {Astrophysics - Earth and Planetary Astrophysics, Astrophysics - Solar and Stellar Astrophysics},
	Pages = {914320},
	Series = {Society of Photo-Optical Instrumentation Engineers (SPIE) Conference Series},
	Title = {{Transiting Exoplanet Survey Satellite (TESS)}},
	Volume = {9143},
	Year = {2014},
	Bdsk-Url-1 = {https://doi.org/10.1117/12.2063489}}

@article{Jayasinghe:2019,
	Adsnote = {Provided by the SAO/NASA Astrophysics Data System},
	Adsurl = {https://ui.adsabs.harvard.edu/abs/2019MNRAS.485..961J},
	Archiveprefix = {arXiv},
	Author = {{Jayasinghe}, T. and {Stanek}, K.~Z. and {Kochanek}, C.~S. and {Shappee}, B.~J. and {Holoien}, T.~W. -S. and {Thompson}, Todd A. and {Prieto}, J.~L. and {Dong}, Subo and {Pawlak}, M. and {Pejcha}, O. and {Shields}, J.~V. and {Pojmanski}, G. and {Otero}, S. and {Hurst}, N. and {Britt}, C.~A. and {Will}, D.},
	Date-Added = {2019-12-30 16:15:28 -0500},
	Date-Modified = {2019-12-30 16:15:29 -0500},
	Doi = {10.1093/mnras/stz444},
	Eprint = {1901.00009},
	Journal = {\mnras},
	Keywords = {catalogues, surveys, binaries: eclipsing, Astrophysics - Solar and Stellar Astrophysics},
	Month = {May},
	Number = {1},
	Pages = {961-971},
	Primaryclass = {astro-ph.SR},
	Title = {{The ASAS-SN catalogue of variable stars III: variables in the southern TESS continuous viewing zone}},
	Volume = {485},
	Year = {2019},
	Bdsk-Url-1 = {https://doi.org/10.1093/mnras/stz444}}

@article{Shappee:2014,
	Adsnote = {Provided by the SAO/NASA Astrophysics Data System},
	Adsurl = {https://ui.adsabs.harvard.edu/abs/2014ApJ...788...48S},
	Archiveprefix = {arXiv},
	Author = {{Shappee}, B.~J. and {Prieto}, J.~L. and {Grupe}, D. and {Kochanek}, C.~S. and {Stanek}, K.~Z. and {De Rosa}, G. and {Mathur}, S. and {Zu}, Y. and {Peterson}, B.~M. and {Pogge}, R.~W. and {Komossa}, S. and {Im}, M. and {Jencson}, J. and {Holoien}, T.~W. -S. and {Basu}, U. and {Beacom}, J.~F. and {Szczygie{\l}}, D.~M. and {Brimacombe}, J. and {Adams}, S. and {Campillay}, A. and {Choi}, C. and {Contreras}, C. and {Dietrich}, M. and {Dubberley}, M. and {Elphick}, M. and {Foale}, S. and {Giustini}, M. and {Gonzalez}, C. and {Hawkins}, E. and {Howell}, D.~A. and {Hsiao}, E.~Y. and {Koss}, M. and {Leighly}, K.~M. and {Morrell}, N. and {Mudd}, D. and {Mullins}, D. and {Nugent}, J.~M. and {Parrent}, J. and {Phillips}, M.~M. and {Pojmanski}, G. and {Rosing}, W. and {Ross}, R. and {Sand}, D. and {Terndrup}, D.~M. and {Valenti}, S. and {Walker}, Z. and {Yoon}, Y.},
	Date-Added = {2019-12-30 16:15:22 -0500},
	Date-Modified = {2019-12-30 16:15:23 -0500},
	Doi = {10.1088/0004-637X/788/1/48},
	Eid = {48},
	Eprint = {1310.2241},
	Journal = {\apj},
	Keywords = {galaxies: active, galaxies: nuclei, galaxies: Seyfert, line: formation, line: profiles, Astrophysics - High Energy Astrophysical Phenomena, Astrophysics - Cosmology and Nongalactic Astrophysics},
	Month = {Jun},
	Number = {1},
	Pages = {48},
	Primaryclass = {astro-ph.HE},
	Title = {{The Man behind the Curtain: X-Rays Drive the UV through NIR Variability in the 2013 Active Galactic Nucleus Outburst in NGC 2617}},
	Volume = {788},
	Year = {2014},
	Bdsk-Url-1 = {https://doi.org/10.1088/0004-637X/788/1/48}}

@article{Eggleton:1983,
	Adsnote = {Provided by the SAO/NASA Astrophysics Data System},
	Adsurl = {https://ui.adsabs.harvard.edu/abs/1983ApJ...268..368E},
	Author = {{Eggleton}, P.~P.},
	Date-Added = {2019-12-30 15:55:02 -0500},
	Date-Modified = {2019-12-30 15:55:03 -0500},
	Doi = {10.1086/160960},
	Journal = {\apj},
	Keywords = {Binary Stars, Celestial Mechanics, Orbital Elements, Roche Limit, Mass Ratios, Radii, Astrophysics},
	Month = {May},
	Pages = {368-369},
	Title = {{Aproximations to the radii of Roche lobes.}},
	Volume = {268},
	Year = {1983},
	Bdsk-Url-1 = {https://doi.org/10.1086/160960}}

@article{Hekker:2008,
	Adsnote = {Provided by the SAO/NASA Astrophysics Data System},
	Adsurl = {https://ui.adsabs.harvard.edu/abs/2008A&A...480..215H},
	Archiveprefix = {arXiv},
	Author = {{Hekker}, S. and {Snellen}, I.~A.~G. and {Aerts}, C. and {Quirrenbach}, A. and {Reffert}, S. and {Mitchell}, D.~S.},
	Date-Added = {2019-12-30 14:19:29 -0500},
	Date-Modified = {2019-12-30 14:19:30 -0500},
	Doi = {10.1051/0004-6361:20078321},
	Eprint = {0801.0741},
	Journal = {\aap},
	Keywords = {stars: variables: general, techniques: radial velocities, line: profiles, Astrophysics},
	Month = {Mar},
	Number = {1},
	Pages = {215-222},
	Primaryclass = {astro-ph},
	Title = {{Precise radial velocities of giant stars. IV. A correlation between surface gravity and radial velocity variation and a statistical investigation of companion properties}},
	Volume = {480},
	Year = {2008},
	Bdsk-Url-1 = {https://doi.org/10.1051/0004-6361:20078321}}

@article{Meibom:2005,
	Adsnote = {Provided by the SAO/NASA Astrophysics Data System},
	Adsurl = {https://ui.adsabs.harvard.edu/abs/2005ApJ...620..970M},
	Archiveprefix = {arXiv},
	Author = {{Meibom}, S{\o}ren and {Mathieu}, Robert D.},
	Date-Added = {2019-12-30 13:43:54 -0500},
	Date-Modified = {2019-12-30 13:43:55 -0500},
	Doi = {10.1086/427082},
	Eprint = {astro-ph/0412147},
	Journal = {\apj},
	Keywords = {Stars: Binaries: Spectroscopic, Galaxy: Open Clusters and Associations: General, Astrophysics},
	Month = {Feb},
	Number = {2},
	Pages = {970-983},
	Primaryclass = {astro-ph},
	Title = {{A Robust Measure of Tidal Circularization in Coeval Binary Populations: The Solar-Type Spectroscopic Binary Population in the Open Cluster M35}},
	Volume = {620},
	Year = {2005},
	Bdsk-Url-1 = {https://doi.org/10.1086/427082}}

@article{Zahn:1977,
	Adsnote = {Provided by the SAO/NASA Astrophysics Data System},
	Adsurl = {https://ui.adsabs.harvard.edu/abs/1977A&A....57..383Z},
	Author = {{Zahn}, J. -P.},
	Date-Added = {2019-12-30 13:43:02 -0500},
	Date-Modified = {2019-12-30 13:43:05 -0500},
	Journal = {\aap},
	Keywords = {Binary Stars, Friction Drag, Gravitational Effects, Stellar Rotation, Tides, Angular Momentum, Perturbation Theory, Stellar Structure, X Ray Binaries, X Ray Stars, Astrophysics},
	Month = {May},
	Pages = {121-132},
	Title = {{Reprint of 1977A\&amp;A....57..383Z. Tidal friction in close binary stars.}},
	Volume = {500},
	Year = {1977}}

@article{Price-Whelan:2018a,
	Adsnote = {Provided by the SAO/NASA Astrophysics Data System},
	Adsurl = {https://ui.adsabs.harvard.edu/abs/2018ApJ...867....5P},
	Archiveprefix = {arXiv},
	Author = {{Price-Whelan}, Adrian M. and {Goodman}, Jeremy},
	Date-Added = {2019-12-30 13:10:59 -0500},
	Date-Modified = {2019-12-30 13:11:00 -0500},
	Doi = {10.3847/1538-4357/aae264},
	Eid = {5},
	Eprint = {1804.06841},
	Journal = {\apj},
	Keywords = {binaries: close, binaries: spectroscopic, stars: evolution, stars: interiors, Astrophysics - Solar and Stellar Astrophysics},
	Month = {Nov},
	Number = {1},
	Pages = {5},
	Primaryclass = {astro-ph.SR},
	Title = {{Binary Companions of Evolved Stars in APOGEE DR14: Orbital Circularization}},
	Volume = {867},
	Year = {2018},
	Bdsk-Url-1 = {https://doi.org/10.3847/1538-4357/aae264}}

@article{Duquennoy:1991,
	Adsnote = {Provided by the SAO/NASA Astrophysics Data System},
	Adsurl = {https://ui.adsabs.harvard.edu/abs/1991A&A...248..485D},
	Author = {{Duquennoy}, A. and {Mayor}, M.},
	Date-Added = {2019-12-30 11:31:59 -0500},
	Date-Modified = {2019-12-30 11:32:00 -0500},
	Journal = {\aap},
	Keywords = {Binary Stars, Dwarf Stars, G Stars, Solar Neighborhood, Stellar Orbits, Brown Dwarf Stars, Orbital Elements, Peculiar Stars, Radial Velocity, Stellar Evolution, Variable Stars, Astrophysics},
	Month = {Aug},
	Pages = {337-376},
	Title = {{Multiplicity among solar-type stars in the solar neighbourhood. II - Distribution of the orbital elements in an unbiased sample.}},
	Volume = {500},
	Year = {1991}}

@article{Duchene:2013,
	Adsnote = {Provided by the SAO/NASA Astrophysics Data System},
	Adsurl = {https://ui.adsabs.harvard.edu/abs/2013ARA&A..51..269D},
	Archiveprefix = {arXiv},
	Author = {{Duch{\^e}ne}, Gaspard and {Kraus}, Adam},
	Date-Added = {2019-12-30 11:28:52 -0500},
	Date-Modified = {2019-12-30 11:28:53 -0500},
	Doi = {10.1146/annurev-astro-081710-102602},
	Eprint = {1303.3028},
	Journal = {\araa},
	Keywords = {Astrophysics - Solar and Stellar Astrophysics},
	Month = {Aug},
	Number = {1},
	Pages = {269-310},
	Primaryclass = {astro-ph.SR},
	Title = {{Stellar Multiplicity}},
	Volume = {51},
	Year = {2013},
	Bdsk-Url-1 = {https://doi.org/10.1146/annurev-astro-081710-102602}}

@article{Ivanova:2013,
	Adsnote = {Provided by the SAO/NASA Astrophysics Data System},
	Adsurl = {https://ui.adsabs.harvard.edu/abs/2013A&ARv..21...59I},
	Archiveprefix = {arXiv},
	Author = {{Ivanova}, N. and {Justham}, S. and {Chen}, X. and {De Marco}, O. and {Fryer}, C.~L. and {Gaburov}, E. and {Ge}, H. and {Glebbeek}, E. and {Han}, Z. and {Li}, X. -D. and {Lu}, G. and {Marsh}, T. and {Podsiadlowski}, P. and {Potter}, A. and {Soker}, N. and {Taam}, R. and {Tauris}, T.~M. and {van den Heuvel}, E.~P.~J. and {Webbink}, R.~F.},
	Date-Added = {2019-12-30 11:25:28 -0500},
	Date-Modified = {2019-12-30 11:25:29 -0500},
	Doi = {10.1007/s00159-013-0059-2},
	Eid = {59},
	Eprint = {1209.4302},
	Journal = {\aapr},
	Keywords = {Close binaries, Stellar structure, interiors, evolution, Hydrodynamics, Astrophysics - High Energy Astrophysical Phenomena, Astrophysics - Solar and Stellar Astrophysics},
	Month = {Feb},
	Pages = {59},
	Primaryclass = {astro-ph.HE},
	Title = {{Common envelope evolution: where we stand and how we can move forward}},
	Volume = {21},
	Year = {2013},
	Bdsk-Url-1 = {https://doi.org/10.1007/s00159-013-0059-2}}

@article{Zasowski:2013,
	Adsnote = {Provided by the SAO/NASA Astrophysics Data System},
	Adsurl = {https://ui.adsabs.harvard.edu/abs/2013AJ....146...81Z},
	Archiveprefix = {arXiv},
	Author = {{Zasowski}, G. and {Johnson}, Jennifer A. and {Frinchaboy}, P.~M. and {Majewski}, S.~R. and {Nidever}, D.~L. and {Rocha Pinto}, H.~J. and {Girardi}, L. and {Andrews}, B. and {Chojnowski}, S.~D. and {Cudworth}, K.~M. and {Jackson}, K. and {Munn}, J. and {Skrutskie}, M.~F. and {Beaton}, R.~L. and {Blake}, C.~H. and {Covey}, K. and {Deshpande}, R. and {Epstein}, C. and {Fabbian}, D. and {Fleming}, S.~W. and {Garcia Hernandez}, D.~A. and {Herrero}, A. and {Mahadevan}, S. and {M{\'e}sz{\'a}ros}, Sz. and {Schultheis}, M. and {Sellgren}, K. and {Terrien}, R. and {van Saders}, J. and {Allende Prieto}, C. and {Bizyaev}, D. and {Burton}, A. and {Cunha}, K. and {da Costa}, L.~N. and {Hasselquist}, S. and {Hearty}, F. and {Holtzman}, J. and {Garc{\'\i}a P{\'e}rez}, A.~E. and {Maia}, M.~A.~G. and {O'Connell}, R.~W. and {O'Donnell}, C. and {Pinsonneault}, M. and {Santiago}, B.~X. and {Schiavon}, R.~P. and {Shetrone}, M. and {Smith}, V. and {Wilson}, J.~C.},
	Date-Added = {2019-12-30 10:30:47 -0500},
	Date-Modified = {2019-12-30 10:30:48 -0500},
	Doi = {10.1088/0004-6256/146/4/81},
	Eid = {81},
	Eprint = {1308.0351},
	Journal = {\aj},
	Keywords = {Galaxy: abundances, Galaxy: kinematics and dynamics, stars: general, surveys, Astrophysics - Astrophysics of Galaxies},
	Month = {Oct},
	Number = {4},
	Pages = {81},
	Primaryclass = {astro-ph.GA},
	Title = {{Target Selection for the Apache Point Observatory Galactic Evolution Experiment (APOGEE)}},
	Volume = {146},
	Year = {2013},
	Bdsk-Url-1 = {https://doi.org/10.1088/0004-6256/146/4/81}}

@article{Zasowski:2017,
	Adsnote = {Provided by the SAO/NASA Astrophysics Data System},
	Adsurl = {https://ui.adsabs.harvard.edu/abs/2017AJ....154..198Z},
	Archiveprefix = {arXiv},
	Author = {{Zasowski}, G. and {Cohen}, R.~E. and {Chojnowski}, S.~D. and {Santana}, F. and {Oelkers}, R.~J. and {Andrews}, B. and {Beaton}, R.~L. and {Bender}, C. and {Bird}, J.~C. and {Bovy}, J. and {Carlberg}, J.~K. and {Covey}, K. and {Cunha}, K. and {Dell'Agli}, F. and {Fleming}, Scott W. and {Frinchaboy}, P.~M. and {Garc{\'\i}a-Hern{\'a}ndez}, D.~A. and {Harding}, P. and {Holtzman}, J. and {Johnson}, J.~A. and {Kollmeier}, J.~A. and {Majewski}, S.~R. and {M{\'e}sz{\'a}ros}, Sz. and {Munn}, J. and {Mu{\~n}oz}, R.~R. and {Ness}, M.~K. and {Nidever}, D.~L. and {Poleski}, R. and {Rom{\'a}n-Z{\'u}{\~n}iga}, C. and {Shetrone}, M. and {Simon}, J.~D. and {Smith}, V.~V. and {Sobeck}, J.~S. and {Stringfellow}, G.~S. and {Szigeti{\'a}ros}, L. and {Tayar}, J. and {Troup}, N.},
	Date-Added = {2019-12-30 10:30:41 -0500},
	Date-Modified = {2019-12-30 10:30:42 -0500},
	Doi = {10.3847/1538-3881/aa8df9},
	Eid = {198},
	Eprint = {1708.00155},
	Journal = {\aj},
	Keywords = {surveys, Galaxy: stellar content, Galaxy: evolution, stars: general, Astrophysics - Astrophysics of Galaxies, Astrophysics - Solar and Stellar Astrophysics},
	Month = {Nov},
	Number = {5},
	Pages = {198},
	Primaryclass = {astro-ph.GA},
	Title = {{Target Selection for the SDSS-IV APOGEE-2 Survey}},
	Volume = {154},
	Year = {2017},
	Bdsk-Url-1 = {https://doi.org/10.3847/1538-3881/aa8df9}}

@article{Moe:2019,
	Adsnote = {Provided by the SAO/NASA Astrophysics Data System},
	Adsurl = {https://ui.adsabs.harvard.edu/abs/2019ApJ...875...61M},
	Archiveprefix = {arXiv},
	Author = {{Moe}, Maxwell and {Kratter}, Kaitlin M. and {Badenes}, Carles},
	Date-Added = {2019-12-29 16:09:39 -0500},
	Date-Modified = {2019-12-29 16:09:41 -0500},
	Doi = {10.3847/1538-4357/ab0d88},
	Eid = {61},
	Eprint = {1808.02116},
	Journal = {\apj},
	Keywords = {binaries: close, binaries: eclipsing, binaries: spectroscopic, stars: abundances, stars: formation, stars: solar-type, Astrophysics - Solar and Stellar Astrophysics, Astrophysics - Astrophysics of Galaxies},
	Month = {Apr},
	Number = {1},
	Pages = {61},
	Primaryclass = {astro-ph.SR},
	Title = {{The Close Binary Fraction of Solar-type Stars Is Strongly Anticorrelated with Metallicity}},
	Volume = {875},
	Year = {2019},
	Bdsk-Url-1 = {https://doi.org/10.3847/1538-4357/ab0d88}}

@article{Kipping:2013,
	Adsnote = {Provided by the SAO/NASA Astrophysics Data System},
	Adsurl = {https://ui.adsabs.harvard.edu/abs/2013MNRAS.434L..51K},
	Archiveprefix = {arXiv},
	Author = {{Kipping}, D.~M.},
	Date-Added = {2019-12-29 12:52:12 -0500},
	Date-Modified = {2019-12-29 12:52:14 -0500},
	Doi = {10.1093/mnrasl/slt075},
	Eprint = {1306.4982},
	Journal = {\mnras},
	Keywords = {methods: statistical, planets and satellites: general, Astrophysics - Earth and Planetary Astrophysics},
	Month = {Jul},
	Pages = {L51-L55},
	Primaryclass = {astro-ph.EP},
	Title = {{Parametrizing the exoplanet eccentricity distribution with the beta distribution.}},
	Volume = {434},
	Year = {2013},
	Bdsk-Url-1 = {https://doi.org/10.1093/mnrasl/slt075}}

@article{Jeans:1919,
	Adsnote = {Provided by the SAO/NASA Astrophysics Data System},
	Adsurl = {https://ui.adsabs.harvard.edu/abs/1919MNRAS..79..408J},
	Author = {{Jeans}, J.~H.},
	Date-Added = {2019-12-29 12:51:14 -0500},
	Date-Modified = {2019-12-29 12:51:25 -0500},
	Doi = {10.1093/mnras/79.6.408},
	Journal = {\mnras},
	Month = {Apr},
	Pages = {408},
	Title = {{The origin of binary systems}},
	Volume = {79},
	Year = {1919},
	Bdsk-Url-1 = {https://doi.org/10.1093/mnras/79.6.408}}

@article{Paxton:2015,
	Adsnote = {Provided by the SAO/NASA Astrophysics Data System},
	Adsurl = {https://ui.adsabs.harvard.edu/abs/2015ApJS..220...15P},
	Archiveprefix = {arXiv},
	Author = {{Paxton}, Bill and {Marchant}, Pablo and {Schwab}, Josiah and {Bauer}, Evan B. and {Bildsten}, Lars and {Cantiello}, Matteo and {Dessart}, Luc and {Farmer}, R. and {Hu}, H. and {Langer}, N. and {Townsend}, R.~H.~D. and {Townsley}, Dean M. and {Timmes}, F.~X.},
	Date-Added = {2019-12-27 12:18:01 -0500},
	Date-Modified = {2019-12-27 12:18:03 -0500},
	Doi = {10.1088/0067-0049/220/1/15},
	Eid = {15},
	Eprint = {1506.03146},
	Journal = {\apjs},
	Keywords = {binaries: general, methods: numerical, nuclear reactions, nucleosynthesis, abundances, shock waves, stars: evolution, stars: oscillations, Astrophysics - Solar and Stellar Astrophysics},
	Month = {Sep},
	Number = {1},
	Pages = {15},
	Primaryclass = {astro-ph.SR},
	Title = {{Modules for Experiments in Stellar Astrophysics (MESA): Binaries, Pulsations, and Explosions}},
	Volume = {220},
	Year = {2015},
	Bdsk-Url-1 = {https://doi.org/10.1088/0067-0049/220/1/15}}

@article{Paxton:2013,
	Adsnote = {Provided by the SAO/NASA Astrophysics Data System},
	Adsurl = {https://ui.adsabs.harvard.edu/abs/2013ApJS..208....4P},
	Archiveprefix = {arXiv},
	Author = {{Paxton}, Bill and {Cantiello}, Matteo and {Arras}, Phil and {Bildsten}, Lars and {Brown}, Edward F. and {Dotter}, Aaron and {Mankovich}, Christopher and {Montgomery}, M.~H. and {Stello}, Dennis and {Timmes}, F.~X. and {Townsend}, Richard},
	Date-Added = {2019-12-27 12:17:55 -0500},
	Date-Modified = {2019-12-27 12:17:57 -0500},
	Doi = {10.1088/0067-0049/208/1/4},
	Eid = {4},
	Eprint = {1301.0319},
	Journal = {\apjs},
	Keywords = {asteroseismology, methods: numerical, planets and satellites: physical evolution, stars: evolution, stars: massive, stars: rotation, Astrophysics - Solar and Stellar Astrophysics, Astrophysics - Instrumentation and Methods for Astrophysics},
	Month = {Sep},
	Number = {1},
	Pages = {4},
	Primaryclass = {astro-ph.SR},
	Title = {{Modules for Experiments in Stellar Astrophysics (MESA): Planets, Oscillations, Rotation, and Massive Stars}},
	Volume = {208},
	Year = {2013},
	Bdsk-Url-1 = {https://doi.org/10.1088/0067-0049/208/1/4}}

@article{Paxton:2011,
	Adsnote = {Provided by the SAO/NASA Astrophysics Data System},
	Adsurl = {https://ui.adsabs.harvard.edu/abs/2011ApJS..192....3P},
	Archiveprefix = {arXiv},
	Author = {{Paxton}, Bill and {Bildsten}, Lars and {Dotter}, Aaron and {Herwig}, Falk and {Lesaffre}, Pierre and {Timmes}, Frank},
	Date-Added = {2019-12-27 12:17:45 -0500},
	Date-Modified = {2019-12-27 12:17:46 -0500},
	Doi = {10.1088/0067-0049/192/1/3},
	Eid = {3},
	Eprint = {1009.1622},
	Journal = {\apjs},
	Keywords = {methods: numerical, stars: evolution, stars: general, Astrophysics - Solar and Stellar Astrophysics, Astrophysics - Instrumentation and Methods for Astrophysics},
	Month = {Jan},
	Number = {1},
	Pages = {3},
	Primaryclass = {astro-ph.SR},
	Title = {{Modules for Experiments in Stellar Astrophysics (MESA)}},
	Volume = {192},
	Year = {2011},
	Bdsk-Url-1 = {https://doi.org/10.1088/0067-0049/192/1/3}}

@article{Choi:2016,
	Adsnote = {Provided by the SAO/NASA Astrophysics Data System},
	Adsurl = {https://ui.adsabs.harvard.edu/abs/2016ApJ...823..102C},
	Archiveprefix = {arXiv},
	Author = {{Choi}, Jieun and {Dotter}, Aaron and {Conroy}, Charlie and {Cantiello}, Matteo and {Paxton}, Bill and {Johnson}, Benjamin D.},
	Date-Added = {2019-12-27 12:14:24 -0500},
	Date-Modified = {2019-12-27 12:14:26 -0500},
	Doi = {10.3847/0004-637X/823/2/102},
	Eid = {102},
	Eprint = {1604.08592},
	Journal = {\apj},
	Keywords = {stars: evolution, stars: general, stars: interiors, Astrophysics - Solar and Stellar Astrophysics},
	Month = {Jun},
	Number = {2},
	Pages = {102},
	Primaryclass = {astro-ph.SR},
	Title = {{Mesa Isochrones and Stellar Tracks (MIST). I. Solar-scaled Models}},
	Volume = {823},
	Year = {2016},
	Bdsk-Url-1 = {https://doi.org/10.3847/0004-637X/823/2/102}}

@article{Dotter:2016,
	Adsnote = {Provided by the SAO/NASA Astrophysics Data System},
	Adsurl = {https://ui.adsabs.harvard.edu/abs/2016ApJS..222....8D},
	Archiveprefix = {arXiv},
	Author = {{Dotter}, Aaron},
	Date-Added = {2019-12-27 12:14:17 -0500},
	Date-Modified = {2019-12-27 12:14:19 -0500},
	Doi = {10.3847/0067-0049/222/1/8},
	Eid = {8},
	Eprint = {1601.05144},
	Journal = {\apjs},
	Keywords = {methods: numerical, stars: evolution, Astrophysics - Solar and Stellar Astrophysics, Astrophysics - Instrumentation and Methods for Astrophysics},
	Month = {Jan},
	Number = {1},
	Pages = {8},
	Primaryclass = {astro-ph.SR},
	Title = {{MESA Isochrones and Stellar Tracks (MIST) 0: Methods for the Construction of Stellar Isochrones}},
	Volume = {222},
	Year = {2016},
	Bdsk-Url-1 = {https://doi.org/10.3847/0067-0049/222/1/8}}

@article{Queiroz:2019,
	Adsnote = {Provided by the SAO/NASA Astrophysics Data System},
	Adsurl = {https://ui.adsabs.harvard.edu/abs/2019arXiv191209778Q},
	Archiveprefix = {arXiv},
	Author = {{Queiroz}, A.~B.~A. and {Anders}, F. and {Chiappini}, C. and {Khalatyan}, A. and {Santiago}, B.~X. and {Steinmetz}, M. and {Valentini}, M. and {Miglio}, A. and {Barbuy}, B. and {Minchev}, I. and {Minniti}, D. and {Garc{\'\i}a Hern{\'a}ndez}, D.~A. and {Schultheis}, M. and {Beaton}, R.~L. and {Beers}, T.~C. and {Bizyaev}, D. and {Brownstein}, J.~R. and {Fern{\'a}ndez-Trincado}, J.~G. and {Frinchaboy}, P.~M. and {Lane}, Richard R. and {Nataf}, D. and {Nitschelm}, C. and {Pan}, K. and {Roman-Lopes}, A. and {Sobeck}, J.~S. and {Stringfellow}, G. and {Zamora}, O.},
	Date-Added = {2019-12-27 12:13:41 -0500},
	Date-Modified = {2019-12-27 12:13:43 -0500},
	Eid = {arXiv:1912.09778},
	Eprint = {1912.09778},
	Journal = {arXiv e-prints},
	Keywords = {Astrophysics - Astrophysics of Galaxies},
	Month = {Dec},
	Pages = {arXiv:1912.09778},
	Primaryclass = {astro-ph.GA},
	Title = {{From the bulge to the outer disc: StarHorse stellar parameters, distances, and extinctions for stars in APOGEE DR16 and other spectroscopic surveys}},
	Year = {2019}}

@book{Nocedal:2006,
	Address = {New York, NY, USA},
	Author = {Jorge Nocedal and Stephen J. Wright},
	Date-Added = {2019-12-27 12:12:55 -0500},
	Date-Modified = {2019-12-27 12:13:00 -0500},
	Edition = {second},
	Publisher = {Springer},
	Title = {Numerical Optimization},
	Year = {2006}}

@article{Eldridge:2017,
	Adsnote = {Provided by the SAO/NASA Astrophysics Data System},
	Adsurl = {https://ui.adsabs.harvard.edu/abs/2017PASA...34...58E},
	Archiveprefix = {arXiv},
	Author = {{Eldridge}, J.~J. and {Stanway}, E.~R. and {Xiao}, L. and {McClelland }, L.~A.~S. and {Taylor}, G. and {Ng}, M. and {Greis}, S.~M.~L. and {Bray}, J.~C.},
	Date-Added = {2019-12-27 12:03:37 -0500},
	Date-Modified = {2019-12-27 12:04:18 -0500},
	Doi = {10.1017/pasa.2017.51},
	Eid = {e058},
	Eprint = {1710.02154},
	Journal = {\pasa},
	Keywords = {binaries: general, galaxies: evolution, galaxies: stellar content, methods: numerical, stars: evolution, stars: statistics, Astrophysics - Solar and Stellar Astrophysics, Astrophysics - Astrophysics of Galaxies},
	Month = {Nov},
	Pages = {e058},
	Primaryclass = {astro-ph.SR},
	Title = {{Binary Population and Spectral Synthesis Version 2.1: Construction, Observational Verification, and New Results}},
	Volume = {34},
	Year = {2017},
	Bdsk-Url-1 = {https://doi.org/10.1017/pasa.2017.51}}

@article{Hogg:2020,
	Archiveprefix = {arXiv},
	Author = {{Hogg}, David W. and {Price-Whelan}, Adrian M. and {Leistedt}, Boris},
	Eprint = {in prep.},
	Title = {{Data Analysis Recipes: Products of dependent multivariate Gaussians}},
	Year = {2020}}

@article{astropy,
	Adsnote = {Provided by the SAO/NASA Astrophysics Data System},
	Adsurl = {http://adsabs.harvard.edu/abs/2013A%26A...558A..33A},
	Archiveprefix = {arXiv},
	Author = {{Astropy Collaboration} and {Robitaille}, T.~P. and {Tollerud}, E.~J. and {Greenfield}, P. and {Droettboom}, M. and {Bray}, E. and {Aldcroft}, T. and {Davis}, M. and {Ginsburg}, A. and {Price-Whelan}, A.~M. and {Kerzendorf}, W.~E. and {Conley}, A. and {Crighton}, N. and {Barbary}, K. and {Muna}, D. and {Ferguson}, H. and {Grollier}, F. and {Parikh}, M.~M. and {Nair}, P.~H. and {Unther}, H.~M. and {Deil}, C. and {Woillez}, J. and {Conseil}, S. and {Kramer}, R. and {Turner}, J.~E.~H. and {Singer}, L. and {Fox}, R. and {Weaver}, B.~A. and {Zabalza}, V. and {Edwards}, Z.~I. and {Azalee Bostroem}, K. and {Burke}, D.~J. and {Casey}, A.~R. and {Crawford}, S.~M. and {Dencheva}, N. and {Ely}, J. and {Jenness}, T. and {Labrie}, K. and {Lim}, P.~L. and {Pierfederici}, F. and {Pontzen}, A. and {Ptak}, A. and {Refsdal}, B. and {Servillat}, M. and {Streicher}, O.},
	Doi = {10.1051/0004-6361/201322068},
	Eid = {A33},
	Eprint = {1307.6212},
	Journal = {\aap},
	Keywords = {methods: data analysis, methods: miscellaneous, virtual observatory tools},
	Month = oct,
	Pages = {A33},
	Primaryclass = {astro-ph.IM},
	Title = {{Astropy: A community Python package for astronomy}},
	Volume = 558,
	Year = 2013,
	Bdsk-Url-1 = {https://dx.doi.org/10.1051/0004-6361/201322068}}

@article{mpl,
	Adsnote = {Provided by the SAO/NASA Astrophysics Data System},
	Adsurl = {http://adsabs.harvard.edu/abs/2007CSE.....9...90H},
	Author = {{Hunter}, J.~D.},
	Doi = {10.1109/MCSE.2007.55},
	Journal = {Computing in Science and Engineering},
	Keywords = {Python, Scripting languages, Application development, Scientific programming},
	Month = may,
	Pages = {90-95},
	Title = {{Matplotlib: A 2D Graphics Environment}},
	Volume = 9,
	Year = 2007,
	Bdsk-Url-1 = {https://dx.doi.org/10.1109/MCSE.2007.55}}

@article{numpy,
	Acmid = {1957466},
	Address = {Piscataway, NJ, USA},
	Author = {Walt, Stefan van der and Colbert, S. Chris and Varoquaux, Gael},
	Doi = {10.1109/MCSE.2011.37},
	Issn = {1521-9615},
	Issue_Date = {March 2011},
	Journal = {Computing in Science and Engg.},
	Keywords = {NumPy, Python, Python, NumPy, scientific programming, numerical computations, programming libraries, numerical computations, programming libraries, scientific programming},
	Month = mar,
	Number = {2},
	Numpages = {9},
	Pages = {22--30},
	Publisher = {IEEE Educational Activities Department},
	Title = {The NumPy Array: A Structure for Efficient Numerical Computation},
	Url = {http://dx.doi.org/10.1109/MCSE.2011.37},
	Volume = {13},
	Year = {2011},
	Bdsk-Url-1 = {http://dx.doi.org/10.1109/MCSE.2011.37}}

@misc{scipy,
	Author = {Eric Jones and Travis Oliphant and Pearu Peterson and others},
	Title = {{SciPy}: Open source scientific tools for {Python}},
	Url = {http://www.scipy.org/},
	Year = {2001--},
	Bdsk-Url-1 = {http://www.scipy.org/}}

@article{gala,
	Adsnote = {Provided by the SAO/NASA Astrophysics Data System},
	Adsurl = {http://adsabs.harvard.edu/abs/2017JOSS....2..388P},
	Author = {{Price-Whelan}, A.~M.},
	Doi = {10.21105/joss.00388},
	Eid = {388},
	Journal = {The Journal of Open Source Software},
	Keywords = {galactic dynamics, python, stellar kinematics},
	Month = oct,
	Pages = {388},
	Title = {{Gala: A Python package for galactic dynamics}},
	Volume = 2,
	Year = 2017,
	Bdsk-Url-1 = {https://dx.doi.org/10.21105/joss.00388}}

@article{ipython,
	Author = {P\'erez, Fernando and Granger, Brian E.},
	Date-Added = {2017-08-04 07:38:09 +0000},
	Date-Modified = {2017-08-04 07:38:09 +0000},
	Doi = {10.1109/MCSE.2007.53},
	Issn = {1521-9615},
	Journal = {Computing in Science and Engineering},
	Month = may,
	Number = {3},
	Pages = {21--29},
	Publisher = {IEEE Computer Society},
	Title = {{IP}ython: a System for Interactive Scientific Computing},
	Url = {http://ipython.org},
	Volume = {9},
	Year = 2007,
	Bdsk-Url-1 = {http://ipython.org},
	Bdsk-Url-2 = {http://dx.doi.org/10.1109/MCSE.2007.53}}

@article{dustmaps,
	Author = {{Green}, G.},
	Doi = {10.21105/joss.00695},
	Eid = {695},
	Journal = {The Journal of Open Source Software},
	Month = jun,
	Pages = {695},
	Title = {{dustmaps: A Python interface for maps of interstellar dust}},
	Volume = 3,
	Year = 2018,
	Bdsk-Url-1 = {https://doi.org/10.21105/joss.00695}}

@article{schwimmbad,
	Adsnote = {Provided by the SAO/NASA Astrophysics Data System},
	Adsurl = {https://ui.adsabs.harvard.edu/#abs/2017JOSS....2..357P},
	Author = {{Price-Whelan}, Adrian M. and {Foreman-Mackey}, Daniel},
	Doi = {10.21105/joss.00357},
	Eid = {357},
	Journal = {The Journal of Open Source Software},
	Month = Sep,
	Pages = {357},
	Title = {{schwimmbad: A uniform interface to parallel processing pools in Python}},
	Volume = {2},
	Year = 2017,
	Bdsk-Url-1 = {https://doi.org/10.21105/joss.00357}}

@article{astropy:2018,
	Adsnote = {Provided by the SAO/NASA Astrophysics Data System},
	Adsurl = {https://ui.adsabs.harvard.edu/#abs/2018AJ....156..123A},
	Author = {{Astropy Collaboration} and {Price-Whelan}, A.~M. and {Sip{\'{o}}cz}, B.~M. and {G{\"u}nther}, H.~M. and {Lim}, P.~L. and {Crawford}, S.~M. and {Conseil}, S. and {Shupe}, D.~L. and {Craig}, M.~W. and {Dencheva}, N. and {Ginsburg}, A. and {VanderPlas}, J.~T. and {Bradley}, L.~D. and {P{\'e}rez-Su{\'a}rez}, D. and {de Val- Borro}, M. and {Aldcroft}, T.~L. and {Cruz}, K.~L. and {Robitaille}, T.~P. and {Tollerud}, E.~J. and {Ardelean}, C. and {Babej}, T. and {Bach}, Y.~P. and {Bachetti}, M. and {Bakanov}, A.~V. and {Bamford}, S.~P. and {Barentsen}, G. and {Barmby}, P. and {Baumbach}, A. and {Berry}, K.~L. and {Biscani}, F. and {Boquien}, M. and {Bostroem}, K.~A. and {Bouma}, L.~G. and {Brammer}, G.~B. and {Bray}, E.~M. and {Breytenbach}, H. and {Buddelmeijer}, H. and {Burke}, D.~J. and {Calderone}, G. and {Cano Rodr{\'\i}guez}, J.~L. and {Cara}, M. and {Cardoso}, J.~V.~M. and {Cheedella}, S. and {Copin}, Y. and {Corrales}, L. and {Crichton}, D. and {D'Avella}, D. and {Deil}, C. and {Depagne}, {\'E}. and {Dietrich}, J.~P. and {Donath}, A. and {Droettboom}, M. and {Earl}, N. and {Erben}, T. and {Fabbro}, S. and {Ferreira}, L.~A. and {Finethy}, T. and {Fox}, R.~T. and {Garrison}, L.~H. and {Gibbons}, S.~L.~J. and {Goldstein}, D.~A. and {Gommers}, R. and {Greco}, J.~P. and {Greenfield}, P. and {Groener}, A.~M. and {Grollier}, F. and {Hagen}, A. and {Hirst}, P. and {Homeier}, D. and {Horton}, A.~J. and {Hosseinzadeh}, G. and {Hu}, L. and {Hunkeler}, J.~S. and {Ivezi{\'c}}, {\v{Z}}. and {Jain}, A. and {Jenness}, T. and {Kanarek}, G. and {Kendrew}, S. and {Kern}, N.~S. and {Kerzendorf}, W.~E. and {Khvalko}, A. and {King}, J. and {Kirkby}, D. and {Kulkarni}, A.~M. and {Kumar}, A. and {Lee}, A. and {Lenz}, D. and {Littlefair}, S.~P. and {Ma}, Z. and {Macleod}, D.~M. and {Mastropietro}, M. and {McCully}, C. and {Montagnac}, S. and {Morris}, B.~M. and {Mueller}, M. and {Mumford}, S.~J. and {Muna}, D. and {Murphy}, N.~A. and {Nelson}, S. and {Nguyen}, G.~H. and {Ninan}, J.~P. and {N{\"o}the}, M. and {Ogaz}, S. and {Oh}, S. and {Parejko}, J.~K. and {Parley}, N. and {Pascual}, S. and {Patil}, R. and {Patil}, A.~A. and {Plunkett}, A.~L. and {Prochaska}, J.~X. and {Rastogi}, T. and {Reddy Janga}, V. and {Sabater}, J. and {Sakurikar}, P. and {Seifert}, M. and {Sherbert}, L.~E. and {Sherwood-Taylor}, H. and {Shih}, A.~Y. and {Sick}, J. and {Silbiger}, M.~T. and {Singanamalla}, S. and {Singer}, L.~P. and {Sladen}, P.~H. and {Sooley}, K.~A. and {Sornarajah}, S. and {Streicher}, O. and {Teuben}, P. and {Thomas}, S.~W. and {Tremblay}, G.~R. and {Turner}, J.~E.~H. and {Terr{\'o}n}, V. and {van Kerkwijk}, M.~H. and {de la Vega}, A. and {Watkins}, L.~L. and {Weaver}, B.~A. and {Whitmore}, J.~B. and {Woillez}, J. and {Zabalza}, V. and {Astropy Contributors}},
	Doi = {10.3847/1538-3881/aabc4f},
	Eid = {123},
	Journal = {\aj},
	Keywords = {methods: data analysis, methods: miscellaneous, methods: statistical, reference systems, Astrophysics - Instrumentation and Methods for Astrophysics},
	Month = Sep,
	Pages = {123},
	Primaryclass = {astro-ph.IM},
	Title = {{The Astropy Project: Building an Open-science Project and Status of the v2.0 Core Package}},
	Volume = {156},
	Year = 2018,
	Bdsk-Url-1 = {https://doi.org/10.3847/1538-3881/aabc4f}}

@misc{exoplanet:exoplanet,
	Author = {Daniel Foreman-Mackey and Ian Czekala and Rodrigo Luger and Eric Agol and Geert Barentsen and Tom Barclay},
	Doi = {10.5281/zenodo.1998447},
	Month = sep,
	Title = {dfm/exoplanet},
	Url = {https://doi.org/10.5281/zenodo.1998447},
	Year = 2019,
	Bdsk-Url-1 = {https://doi.org/10.5281/zenodo.1998447}}

@article{schwimmbad:2017,
	Author = {Adrian M. Price-Whelan and Daniel Foreman-Mackey},
	Doi = {10.21105/joss.00357},
	Journal = {The Journal of Open Source Software},
	Month = {sep},
	Number = {17},
	Publisher = {The Open Journal},
	Title = {schwimmbad: A uniform interface to parallel processing pools in Python},
	Url = {https://doi.org/10.21105/joss.00357},
	Volume = {2},
	Year = {2017},
	Bdsk-Url-1 = {https://doi.org/10.21105/joss.00357}}

@article{thejoker,
	Adsnote = {Provided by the SAO/NASA Astrophysics Data System},
	Adsurl = {https://ui.adsabs.harvard.edu/abs/2017ApJ...837...20P},
	Archiveprefix = {arXiv},
	Author = {{Price-Whelan}, Adrian M. and {Hogg}, David W. and {Foreman-Mackey}, Daniel and {Rix}, Hans-Walter},
	Doi = {10.3847/1538-4357/aa5e50},
	Eid = {20},
	Eprint = {1610.07602},
	Journal = {\apj},
	Keywords = {binaries: spectroscopic, methods: data analysis, methods: statistical, planets and satellites: fundamental parameters, surveys, techniques: radial velocities, Astrophysics - Solar and Stellar Astrophysics, Astrophysics - Earth and Planetary Astrophysics},
	Month = {Mar},
	Number = {1},
	Pages = {20},
	Primaryclass = {astro-ph.SR},
	Title = {{The Joker: A Custom Monte Carlo Sampler for Binary-star and Exoplanet Radial Velocity Data}},
	Volume = {837},
	Year = {2017},
	Bdsk-Url-1 = {https://doi.org/10.3847/1538-4357/aa5e50}}

@article{Salvatier2016,
	Author = {John Salvatier and Thomas V. Wiecki and Christopher Fonnesbeck},
	Doi = {10.7717/peerj-cs.55},
	Journal = {{PeerJ} Computer Science},
	Month = {apr},
	Pages = {e55},
	Publisher = {{PeerJ}},
	Title = {Probabilistic programming in Python using {PyMC}3},
	Url = {https://doi.org/10.7717/peerj-cs.55},
	Volume = {2},
	Year = {2016},
	Bdsk-Url-1 = {https://doi.org/10.7717/peerj-cs.55}}

@article{Cottaar:2014,
	Adsnote = {Provided by the SAO/NASA Astrophysics Data System},
	Adsurl = {https://ui.adsabs.harvard.edu/abs/2014ApJ...794..125C},
	Archiveprefix = {arXiv},
	Author = {{Cottaar}, Michiel and {Covey}, Kevin R. and {Meyer}, Michael R. and {Nidever}, David L. and {Stassun}, Keivan G. and {Foster}, Jonathan B. and {Tan}, Jonathan C. and {Chojnowski}, S. Drew and {da Rio}, Nicola and {Flaherty}, Kevin M. and {Frinchaboy}, Peter M. and {Skrutskie}, Michael and {Majewski}, Steven R. and {Wilson}, John C. and {Zasowski}, Gail},
	Doi = {10.1088/0004-637X/794/2/125},
	Eid = {125},
	Eprint = {1408.7113},
	Journal = {\apj},
	Keywords = {open clusters and associations: individual: IC 348 Pleiades, stars: pre-main sequence, techniques: radial velocities, techniques: spectroscopic, Astrophysics - Solar and Stellar Astrophysics},
	Month = {Oct},
	Number = {2},
	Pages = {125},
	Primaryclass = {astro-ph.SR},
	Title = {{IN-SYNC I: Homogeneous Stellar Parameters from High-resolution APOGEE Spectra for Thousands of Pre-main Sequence Stars}},
	Volume = {794},
	Year = {2014},
	Bdsk-Url-1 = {https://doi.org/10.1088/0004-637X/794/2/125}}

@article{Breivik:BAAS,
	Adsnote = {Provided by the SAO/NASA Astrophysics Data System},
	Adsurl = {https://ui.adsabs.harvard.edu/abs/2019BAAS...51c.206P},
	Author = {{Price-Whelan}, Adrian and {Breivik}, Katelyn and {D'Orazio}, Daniel and {Hogg}, David W. and {Johnson}, L. Clifton and {Moe}, Maxwell and {Morton}, Timothy D. and {Tayar}, Jamie},
	Eid = {206},
	Journal = {\baas},
	Month = {May},
	Number = {3},
	Pages = {206},
	Title = {{Stellar multiplicity: an interdisciplinary nexus}},
	Volume = {51},
	Year = {2019}}

@article{Rix:BAAS,
	Adsnote = {Provided by the SAO/NASA Astrophysics Data System},
	Adsurl = {https://ui.adsabs.harvard.edu/abs/2019BAAS...51c.104R},
	Author = {{Rix}, Hans-Walter and {Ting}, Yuan-Sen and {Sippel}, Anna and {Beown}, Anthony and {Anderson}, Scott and {Kollmeier}, Juna and {Kupfer}, Thomas},
	Eid = {104},
	Journal = {\baas},
	Month = {May},
	Number = {3},
	Pages = {104},
	Title = {{Binaries Matter Everywhere: from Precision Calibrations to Re-Ionization and Gravitational Waves}},
	Volume = {51},
	Year = {2019}}

@article{Gunn:2006,
	Adsnote = {Provided by the SAO/NASA Astrophysics Data System},
	Adsurl = {http://adsabs.harvard.edu/abs/2006AJ....131.2332G},
	Author = {{Gunn}, J.~E. and {Siegmund}, W.~A. and {Mannery}, E.~J. and {Owen}, R.~E. and {Hull}, C.~L. and {Leger}, R.~F. and {Carey}, L.~N. and {Knapp}, G.~R. and {York}, D.~G. and {Boroski}, W.~N. and {Kent}, S.~M. and {Lupton}, R.~H. and {Rockosi}, C.~M. and {Evans}, M.~L. and {Waddell}, P. and {Anderson}, J.~E. and {Annis}, J. and {Barentine}, J.~C. and {Bartoszek}, L.~M. and {Bastian}, S. and {Bracker}, S.~B. and {Brewington}, H.~J. and {Briegel}, C.~I. and {Brinkmann}, J. and {Brown}, Y.~J. and {Carr}, M.~A. and {Czarapata}, P.~C. and {Drennan}, C.~C. and {Dombeck}, T. and {Federwitz}, G.~R. and {Gillespie}, B.~A. and {Gonzales}, C. and {Hansen}, S.~U. and {Harvanek}, M. and {Hayes}, J. and {Jordan}, W. and {Kinney}, E. and {Klaene}, M. and {Kleinman}, S.~J. and {Kron}, R.~G. and {Kresinski}, J. and {Lee}, G. and {Limmongkol}, S. and {Lindenmeyer}, C.~W. and {Long}, D.~C. and {Loomis}, C.~L. and {McGehee}, P.~M. and {Mantsch}, P.~M. and {Neilsen}, Jr., E.~H. and {Neswold}, R.~M. and {Newman}, P.~R. and {Nitta}, A. and {Peoples}, Jr., J. and {Pier}, J.~R. and {Prieto}, P.~S. and {Prosapio}, A. and {Rivetta}, C. and {Schneider}, D.~P. and {Snedden}, S. and {Wang}, S.-i.},
	Date-Added = {2018-02-20 17:56:19 +0000},
	Date-Modified = {2018-02-20 17:56:21 +0000},
	Doi = {10.1086/500975},
	Eprint = {astro-ph/0602326},
	Journal = {\aj},
	Keywords = {Surveys, Telescopes},
	Month = apr,
	Pages = {2332-2359},
	Title = {{The 2.5 m Telescope of the Sloan Digital Sky Survey}},
	Volume = 131,
	Year = 2006,
	Bdsk-Url-1 = {https://dx.doi.org/10.1086/500975}}

@article{Majewski:2017,
	Adsnote = {Provided by the SAO/NASA Astrophysics Data System},
	Adsurl = {http://adsabs.harvard.edu/abs/2017AJ....154...94M},
	Archiveprefix = {arXiv},
	Author = {{Majewski}, S.~R. and {Schiavon}, R.~P. and {Frinchaboy}, P.~M. and {Allende Prieto}, C. and {Barkhouser}, R. and {Bizyaev}, D. and {Blank}, B. and {Brunner}, S. and {Burton}, A. and {Carrera}, R. and {Chojnowski}, S.~D. and {Cunha}, K. and {Epstein}, C. and {Fitzgerald}, G. and {Garc{\'{\i}}a P{\'e}rez}, A.~E. and {Hearty}, F.~R. and {Henderson}, C. and {Holtzman}, J.~A. and {Johnson}, J.~A. and {Lam}, C.~R. and {Lawler}, J.~E. and {Maseman}, P. and {M{\'e}sz{\'a}ros}, S. and {Nelson}, M. and {Nguyen}, D.~C. and {Nidever}, D.~L. and {Pinsonneault}, M. and {Shetrone}, M. and {Smee}, S. and {Smith}, V.~V. and {Stolberg}, T. and {Skrutskie}, M.~F. and {Walker}, E. and {Wilson}, J.~C. and {Zasowski}, G. and {Anders}, F. and {Basu}, S. and {Beland}, S. and {Blanton}, M.~R. and {Bovy}, J. and {Brownstein}, J.~R. and {Carlberg}, J. and {Chaplin}, W. and {Chiappini}, C. and {Eisenstein}, D.~J. and {Elsworth}, Y. and {Feuillet}, D. and {Fleming}, S.~W. and {Galbraith-Frew}, J. and {Garc{\'{\i}}a}, R.~A. and {Garc{\'{\i}}a-Hern{\'a}ndez}, D.~A. and {Gillespie}, B.~A. and {Girardi}, L. and {Gunn}, J.~E. and {Hasselquist}, S. and {Hayden}, M.~R. and {Hekker}, S. and {Ivans}, I. and {Kinemuchi}, K. and {Klaene}, M. and {Mahadevan}, S. and {Mathur}, S. and {Mosser}, B. and {Muna}, D. and {Munn}, J.~A. and {Nichol}, R.~C. and {O'Connell}, R.~W. and {Parejko}, J.~K. and {Robin}, A.~C. and {Rocha-Pinto}, H. and {Schultheis}, M. and {Serenelli}, A.~M. and {Shane}, N. and {Silva Aguirre}, V. and {Sobeck}, J.~S. and {Thompson}, B. and {Troup}, N.~W. and {Weinberg}, D.~H. and {Zamora}, O.},
	Date-Added = {2018-02-20 17:54:12 +0000},
	Date-Modified = {2018-02-20 17:54:13 +0000},
	Doi = {10.3847/1538-3881/aa784d},
	Eid = {94},
	Eprint = {1509.05420},
	Journal = {\aj},
	Keywords = {Galaxy: abundances, Galaxy: evolution, Galaxy: formation, Galaxy: kinematics and dynamics, Galaxy: stellar content, Galaxy: structure},
	Month = sep,
	Pages = {94},
	Primaryclass = {astro-ph.IM},
	Title = {{The Apache Point Observatory Galactic Evolution Experiment (APOGEE)}},
	Volume = 154,
	Year = 2017,
	Bdsk-Url-1 = {https://dx.doi.org/10.3847/1538-3881/aa784d}}

@article{Abolfathi:2017,
	Adsnote = {Provided by the SAO/NASA Astrophysics Data System},
	Adsurl = {http://adsabs.harvard.edu/abs/2017arXiv170709322A},
	Archiveprefix = {arXiv},
	Author = {{Abolfathi}, B. and {Aguado}, D.~S. and {Aguilar}, G. and {Allende Prieto}, C. and {Almeida}, A. and {Tasnim Ananna}, T. and {Anders}, F. and {Anderson}, S.~F. and {Andrews}, B.~H. and {Anguiano}, B. and et al.},
	Date-Added = {2018-02-20 17:52:48 +0000},
	Date-Modified = {2018-02-20 17:52:58 +0000},
	Eprint = {1707.09322},
	Journal = {ArXiv e-prints},
	Keywords = {Astrophysics - Astrophysics of Galaxies, Astrophysics - Instrumentation and Methods for Astrophysics},
	Month = jul,
	Title = {{The Fourteenth Data Release of the Sloan Digital Sky Survey: First Spectroscopic Data from the extended Baryon Oscillation Spectroscopic Survey and from the second phase of the Apache Point Observatory Galactic Evolution Experiment}},
	Year = 2017}

@article{DR16,
	Adsnote = {Provided by the SAO/NASA Astrophysics Data System},
	Adsurl = {https://ui.adsabs.harvard.edu/abs/2019arXiv191202905A},
	Archiveprefix = {arXiv},
	Author = {{Ahumada}, Romina and {Allende Prieto}, Carlos and {Almeida}, Andres and {Anders}, Friedrich and {Anderson}, Scott F. and {Andrews}, Brett H. and {Anguiano}, Borja and {Arcodia}, Riccardo and {Armengaud}, Eric and {Aubert}, Marie and {Avila}, Santiago and {Avila-Reese}, Vladimir and {Badenes}, Carles and {Balland}, Christophe and {Barger}, Kat and {Barrera-Ballesteros}, Jorge K. and {Basu}, Sarbani and {Bautista}, Julian and {Beaton}, Rachael L. and {Beers}, Timothy C. and {Benavides}, B. Izamar T. and {Bender}, Chad F. and {Bernardi}, Mariangela and {Bershady}, Matthew and {Beutler}, Florian and {Moni Bidin}, Christian and {Bird}, Jonathan and {Bizyaev}, Dmitry and {Blanc}, Guillermo A. and {Blanton}, Michael R. and {Boquien}, Mederic and {Borissova}, Jura and {Bovy}, Jo and {Brandt}, W.~N. and {Brinkmann}, Jonathan and {Brownstein}, Joel R. and {Bundy}, Kevin and {Bureau}, Martin and {Burgasser}, Adam and {Burtin}, Etienne and {Cano-Diaz}, Mariana and {Capasso}, Raffaella and {Cappellari}, Michele and {Carrera}, Ricardo and {Chabanier}, Solene and {Chaplin}, William and {Chapman}, Michael and {Cherinka}, Brian and {Chiappini}, Cristina and {Choi}, Peter Doohyun and {Chojnowski}, S. Drew and {Chung}, Haeun and {Clerc}, Nicolas and {Coffey}, Damien and {Comerford}, Julia M. and {Comparat}, Johan and {da Costa}, Luiz and {Cousinou}, Marie-Claude and {Covey}, Kevin and {Crane}, Jeffrey D. and {Cunha}, Katia and {da Silva Ilha}, Gabriele and {Dai}, Yu Sophia and {Damsted}, Sanna B. and {Darling}, Jeremy and {Horta Darrington}, Danny and {Davidson}, James W., Jr. and {Davies}, Roger and {Dawson}, Kyle and {De}, Nikhil and {de la Macorra}, Axel and {De Lee}, Nathan and {Queiroz}, Anna Barbara de Andrade and {Deconto Machado}, Alice and {de la Torre}, Sylvain and {Dell'Agli}, Flavia and {du Mas des Bourboux}, Helion and {Diamond-Stanic}, Aleksandar M. and {Dillon}, Sean and {Donor}, John and {Drory}, Niv and {Duckworth}, Chris and {Dwelly}, Tom and {Ebelke}, Garrett and {Eftekharzadeh}, Sarah and {Davis Eigenbrot}, Arthur and {Elsworth}, Yvonne P. and {Eracleous}, Mike and {Erfanianfar}, Ghazaleh and {Escoffier}, Stephanie and {Fan}, Xiaohui and {Farr}, Emily and {Fernandez-Trincado}, Jose G. and {Feuillet}, Diane and {Finoguenov}, Alexis and {Fofie}, Patricia and {Fraser-McKelvie}, Amelia and {Frinchaboy}, Peter M. and {Fromenteau}, Sebastien and {Fu}, Hai and {Galbany}, Lluis and {Garcia}, Rafael A. and {Garcia-Hernandez}, D.~A. and {Garma Oehmichen}, Luis Alberto and {Ge}, Junqiang and {Geimba Maia}, Marcio Antonio and {Geisler}, Doug and {Gelfand }, Joseph and {Goddy}, Julian and {Le Goff}, Jean-Marc and {Gonzalez-Perez}, Violeta and {Grabowski}, Kathleen and {Green}, Paul and {Grier}, Catherine J. and {Guo}, Hong and {Guy}, Julien and {Harding}, Paul and {Hasselquist}, Sten and {Hawken}, Adam James and {Hayes}, Christian R. and {Hearty}, Fred and {Hekker}, S. and {Hogg}, David W. and {Holtzman}, Jon and {Hou}, Jiamin and {Hsieh}, Bau-Ching and {Huber}, Daniel and {Hunt}, Jason A.~S. and {Ider Chitham}, J. and {Imig}, Julie and {Jaber}, Mariana and {Jimenez Angel}, Camilo Eduardo and {Johnson}, Jennifer A. and {Jones}, Amy M. and {Jonsson}, Henrik and {Jullo}, Eric and {Kim}, Yerim and {Kinemuchi}, Karen and {Kirkpatrick}, Charles C., IV and {Kite}, George W. and {Klaene}, Mark and {Kneib}, Jean-Paul and {Kollmeier}, Juna A. and {Kong}, Hui and {Kounkel}, Marina and {Krishnarao}, Dhanesh and {Lacerna}, Ivan and {Lan}, Ting-Wen and {Lane}, Richard R. and {Law}, David R. and {Leung}, Henry W. and {Lewis}, Hannah and {Li}, Cheng and {Lian}, Jianhui and {Lin}, Lihwai and {Long}, Dan and {Longa-Pena}, Penelope and {Lundgren}, Britt and {Lyke}, Brad W. and {Mackereth}, J. Ted and {MacLeod}, Chelsea L. and {Majewski}, Steven R. and {Manchado}, Arturo and {Maraston}, Claudia and {Martini}, Paul and {Masseron}, Thomas and {Masters}, Karen L. and {Mathur}, Savita and {McDermid}, Richard M. and {Merloni}, Andrea and {Merrifield}, Michael and {Meszaros}, Szabolcs and {Miglio}, Andrea and {Minniti}, Dante and {Minsley}, Rebecca and {Miyaji}, Takamitsu and {Gohar Mohammad}, Faizan and {Mosser}, Benoit and {Mueller}, Eva-Maria and {Muna}, Demitri and {Munoz-Gutierrez}, Andrea and {Myers}, Adam D. and {Nadathur}, Seshadri and {Nair}, Preethi and {Correa do Nascimento}, Janaina and {Nevin}, Rebecca Jean and {Newman}, Jeffrey A. and {Nidever}, David L. and {Nitschelm}, Christian and {Noterdaeme}, Pasquier and {O'Connell}, Julia E. and {Olmstead}, Matthew D and {Oravetz}, Daniel and {Oravetz}, Audrey and {Osorio}, Yeisson and {Pace}, Zachary J. and {Padilla}, Nelson and {Palanque-Delabrouille}, Nathalie and {Palicio}, Pedro A. and {Pan}, Hsi-An and {Pan}, Kaike and {Parker}, James and {Paviot}, Romain and {Peirani}, Sebastien and {Pena Ramrez}, Karla and {Penny}, Samantha and {Percival}, Will J. and {Perez-Fournon}, Ismael and {Perez-Rafols}, Ignasi and {Petitjean}, Patrick and {Pieri}, Matthew M. and {Pinsonneault}, Marc and {Poovelil}, Vijith Jacob and {Povick}, Joshua Tyler and {Prakash}, Abhishek and {Price-Whelan}, Adrian M. and {Raddick}, M. Jordan and {Raichoor}, Anand and {Ray}, Amy and {Barboza Rembold}, Sandro and {Rezaie}, Mehdi and {Riffel}, Rogemar A. and {Riffel}, Rogerio and {Rix}, Hans-Walter and {Robin}, Annie C. and {Roman-Lopes}, A. and {Roman-Zuniga}, Carlos and {Rose}, Benjamin and {Ross}, Ashley J. and {Rossi}, Graziano and {Rowlands}, Kate and {Rubin}, Kate H.~R. and {Salvato}, Mara and {Sanchez}, Ariel G. and {Sanchez-Menguiano}, Laura and {Sanchez-Gallego}, Jose R. and {Sayres}, Conor and {Schaefer}, Adam and {Schiavon}, Ricardo P. and {Schimoia}, Jaderson S. and {Schlafly}, Edward and {Schlegel}, David and {Schneider}, Donald P. and {Schultheis}, Mathias and {Schwope}, Axel and {Seo}, Hee-Jong and {Serenelli}, Aldo and {Shafieloo}, Arman and {Shamsi}, Shoaib Jamal and {Shao}, Zhengyi and {Shen}, Shiyin and {Shetrone}, Matthew and {Shirley}, Raphael and {Silva Aguirre}, Victor and {Simon}, Joshua D. and {Skrutskie}, M.~F. and {Slosar}, Anze and {Smethurst}, Rebecca and {Sobeck}, Jennifer and {Cervantes Sodi}, Bernardo and {Souto}, Diogo and {Stark}, David V. and {Stassun}, Keivan G. and {Steinmetz}, Matthias and {Stello}, Dennis and {Stermer}, Julianna and {Storchi-Bergmann}, Thaisa and {Streblyanska}, Alina and {Stringfellow}, Guy S. and {Stutz}, Amelia and {Suarez}, Genaro and {Sun}, Jing and {Taghizadeh-Popp}, Manuchehr and {Talbot}, Michael S. and {Tayar}, Jamie and {Thakar}, Aniruddha R. and {Theriault}, Riley and {Thomas}, Daniel and {Thomas}, Zak C. and {Tinker}, Jeremy and {Tojeiro}, Rita and {Hernandez Toledo}, Hector and {Tremonti}, Christy A. and {Troup}, Nicholas W. and {Tuttle}, Sarah and {Unda-Sanzana}, Eduardo and {Valentini}, Marica and {Vargas-Gonzalez}, Jaime and {Vargas-Magana}, Mariana and {Vazquez-Mata}, Jose Antonio and {Vivek}, M. and {Wake}, David and {Wang}, Yuting and {Weaver}, Benjamin Alan and {Weijmans}, Anne-Marie and {Wild}, Vivienne and {Wilson}, John C. and {Wilson}, Robert F. and {Wolthuis}, Nathan and {Wood-Vasey}, W.~M. and {Yan}, Renbin and {Yang}, Meng and {Yeche}, Christophe and {Zamora}, Olga and {Zarrouk}, Pauline and {Zasowski}, Gail and {Zhang}, Kai and {Zhao}, Cheng and {Zhao}, Gongbo and {Zheng}, Zheng and {Zheng}, Zheng and {Zhu}, Guangtun and {Zou}, Hu},
	Eid = {arXiv:1912.02905},
	Eprint = {1912.02905},
	Journal = {arXiv e-prints},
	Keywords = {Astrophysics - Astrophysics of Galaxies, Astrophysics - Cosmology and Nongalactic Astrophysics, Astrophysics - Instrumentation and Methods for Astrophysics},
	Month = {Dec},
	Pages = {arXiv:1912.02905},
	Primaryclass = {astro-ph.GA},
	Title = {{The Sixteenth Data Release of the Sloan Digital Sky Surveys: First Release from the APOGEE-2 Southern Survey and Full Release of eBOSS Spectra}},
	Year = {2019}}

@article{Blanton:2017,
	Adsnote = {Provided by the SAO/NASA Astrophysics Data System},
	Adsurl = {http://adsabs.harvard.edu/abs/2017AJ....154...28B},
	Archiveprefix = {arXiv},
	Author = {{Blanton}, M.~R. and {Bershady}, M.~A. and {Abolfathi}, B. and {Albareti}, F.~D. and {Allende Prieto}, C. and {Almeida}, A. and {Alonso-Garc{\'{\i}}a}, J. and {Anders}, F. and {Anderson}, S.~F. and {Andrews}, B. and et al.},
	Date-Added = {2017-08-12 09:58:51 +0000},
	Date-Modified = {2017-08-12 09:58:53 +0000},
	Doi = {10.3847/1538-3881/aa7567},
	Eid = {28},
	Eprint = {1703.00052},
	Journal = {\aj},
	Keywords = {cosmology: observations, galaxies: general, Galaxy: general, instrumentation: spectrographs, stars: general, surveys},
	Month = jul,
	Pages = {28},
	Title = {{Sloan Digital Sky Survey IV: Mapping the Milky Way, Nearby Galaxies, and the Distant Universe}},
	Volume = 154,
	Year = 2017,
	Bdsk-Url-1 = {http://dx.doi.org/10.3847/1538-3881/aa7567}}

@article{Price-Whelan:2018,
	Adsnote = {Provided by the SAO/NASA Astrophysics Data System},
	Adsurl = {https://ui.adsabs.harvard.edu/abs/2018AJ....156...18P},
	Archiveprefix = {arXiv},
	Author = {{Price-Whelan}, Adrian M. and {Hogg}, David W. and {Rix}, Hans-Walter and {De Lee}, Nathan and {Majewski}, Steven R. and {Nidever}, David L. and {Troup}, Nicholas and {Fern{\'a}ndez-Trincado}, Jos{\'e} G. and {Garc{\'\i}a-Hern{\'a}ndez}, Domingo A. and {Longa-Pe{\~n}a}, Pen{\'e}lope and {Nitschelm}, Christian and {Sobeck}, Jennifer and {Zamora}, Olga},
	Doi = {10.3847/1538-3881/aac387},
	Eid = {18},
	Eprint = {1804.04662},
	Journal = {\aj},
	Keywords = {binaries: spectroscopic, methods: data analysis, methods: statistical, planets and satellites: fundamental parameters, surveys, techniques: radial velocities, Astrophysics - Solar and Stellar Astrophysics},
	Month = {Jul},
	Number = {1},
	Pages = {18},
	Primaryclass = {astro-ph.SR},
	Title = {{Binary Companions of Evolved Stars in APOGEE DR14: Search Method and Catalog of {\ensuremath{\sim}}5000 Companions}},
	Volume = {156},
	Year = {2018},
	Bdsk-Url-1 = {https://doi.org/10.3847/1538-3881/aac387}}

@article{NUTS,
	Acmid = {2638586},
	Author = {Homan, Matthew D. and Gelman, Andrew},
	Issn = {1532-4435},
	Issue_Date = {January 2014},
	Journal = {J. Mach. Learn. Res.},
	Keywords = {Bayesian inference, Hamiltonian Monte Carlo, Markov chain Monte Carlo, adaptive Monte Carlo, dual averaging},
	Month = jan,
	Number = {1},
	Numpages = {31},
	Pages = {1593--1623},
	Publisher = {JMLR.org},
	Title = {The No-U-turn Sampler: Adaptively Setting Path Lengths in Hamiltonian Monte Carlo},
	Url = {http://dl.acm.org/citation.cfm?id=2627435.2638586},
	Volume = {15},
	Year = {2014},
	Bdsk-Url-1 = {http://dl.acm.org/citation.cfm?id=2627435.2638586}}

@article{theano,
	Author = {Rami Al-Rfou and Guillaume Alain and Amjad Almahairi and Christof Angermueller and Dzmitry Bahdanau and Nicolas Ballas and Fr\'ed\'eric Bastien and Justin Bayer and Anatoly Belikov and Alexander Belopolsky and Yoshua Bengio and Arnaud Bergeron and James Bergstra and Valentin Bisson and Josh {Bleecher Snyder} and Nicolas Bouchard and Nicolas Boulanger-Lewandowski and Xavier Bouthillier and Alexandre de Br\'ebisson and Olivier Breuleux and Pierre-Luc Carrier and Kyunghyun Cho and Jan Chorowski and Paul Christiano and Tim Cooijmans and Marc-Alexandre C\^ot\'e and Myriam C\^ot\'e and Aaron Courville and Yann N. Dauphin and Olivier Delalleau and Julien Demouth and Guillaume Desjardins and Sander Dieleman and Laurent Dinh and M\'elanie Ducoffe and Vincent Dumoulin and Samira {Ebrahimi Kahou} and Dumitru Erhan and Ziye Fan and Orhan Firat and Mathieu Germain and Xavier Glorot and Ian Goodfellow and Matt Graham and Caglar Gulcehre and Philippe Hamel and Iban Harlouchet and Jean-Philippe Heng and Bal\'azs Hidasi and Sina Honari and Arjun Jain and S\'ebastien Jean and Kai Jia and Mikhail Korobov and Vivek Kulkarni and Alex Lamb and Pascal Lamblin and Eric Larsen and C\'esar Laurent and Sean Lee and Simon Lefrancois and Simon Lemieux and Nicholas L\'eonard and Zhouhan Lin and Jesse A. Livezey and Cory Lorenz and Jeremiah Lowin and Qianli Ma and Pierre-Antoine Manzagol and Olivier Mastropietro and Robert T. McGibbon and Roland Memisevic and Bart van Merri\"enboer and Vincent Michalski and Mehdi Mirza and Alberto Orlandi and Christopher Pal and Razvan Pascanu and Mohammad Pezeshki and Colin Raffel and Daniel Renshaw and Matthew Rocklin and Adriana Romero and Markus Roth and Peter Sadowski and John Salvatier and Fran\c{c}ois Savard and Jan Schl\"uter and John Schulman and Gabriel Schwartz and Iulian Vlad Serban and Dmitriy Serdyuk and Samira Shabanian and \'Etienne Simon and Sigurd Spieckermann and S. Ramana Subramanyam and Jakub Sygnowski and J\'er\'emie Tanguay and Gijs van Tulder and Joseph Turian and Sebastian Urban and Pascal Vincent and Francesco Visin and Harm de Vries and David Warde-Farley and Dustin J. Webb and Matthew Willson and Kelvin Xu and Lijun Xue and Li Yao and Saizheng Zhang and Ying Zhang},
	Collaboration = {Theano Development Team},
	Journal = {arXiv e-prints},
	Keywords = {Computer Science - Symbolic Computation, Computer Science - Learning, Computer Science - Mathematical Software},
	Month = may,
	Primaryclass = {cs.SC},
	Title = {{Theano: A {Python} framework for fast computation of mathematical expressions}},
	Url = {http://arxiv.org/abs/1605.02688},
	Volume = {abs/1605.02688},
	Year = 2016,
	Bdsk-Url-1 = {http://arxiv.org/abs/1605.02688}}

@article{Gelman:1992,
	Adsnote = {Provided by the SAO/NASA Astrophysics Data System},
	Adsurl = {http://adsabs.harvard.edu/abs/1992StaSc...7..457G},
	Author = {{Gelman}, A. and {Rubin}, D.~B.},
	Date-Added = {2018-02-26 02:15:38 +0000},
	Date-Modified = {2018-02-26 02:15:40 +0000},
	Doi = {10.1214/ss/1177011136},
	Journal = {Statistical Science},
	Pages = {457-472},
	Title = {{Inference from Iterative Simulation Using Multiple Sequences}},
	Volume = 7,
	Year = 1992,
	Bdsk-Url-1 = {https://dx.doi.org/10.1214/ss/1177011136}}

@article{Nidever:2015,
	Adsnote = {Provided by the SAO/NASA Astrophysics Data System},
	Adsurl = {http://adsabs.harvard.edu/abs/2015AJ....150..173N},
	Archiveprefix = {arXiv},
	Author = {{Nidever}, D.~L. and {Holtzman}, J.~A. and {Allende Prieto}, C. and {Beland}, S. and {Bender}, C. and {Bizyaev}, D. and {Burton}, A. and {Desphande}, R. and {Fleming}, S.~W. and {Garc{\'{\i}}a P{\'e}rez}, A.~E. and {Hearty}, F.~R. and {Majewski}, S.~R. and {M{\'e}sz{\'a}ros}, S. and {Muna}, D. and {Nguyen}, D. and {Schiavon}, R.~P. and {Shetrone}, M. and {Skrutskie}, M.~F. and {Sobeck}, J.~S. and {Wilson}, J.~C.},
	Date-Added = {2018-02-20 17:58:53 +0000},
	Date-Modified = {2018-02-20 17:58:55 +0000},
	Doi = {10.1088/0004-6256/150/6/173},
	Eid = {173},
	Eprint = {1501.03742},
	Journal = {\aj},
	Keywords = {galaxies: abundances, galaxies: halos, galaxies: kinematics and dynamics, Local Group, methods: data analysis, techniques: image processing},
	Month = dec,
	Pages = {173},
	Primaryclass = {astro-ph.IM},
	Title = {{The Data Reduction Pipeline for the Apache Point Observatory Galactic Evolution Experiment}},
	Volume = 150,
	Year = 2015,
	Bdsk-Url-1 = {https://dx.doi.org/10.1088/0004-6256/150/6/173}}

@article{Raghavan:2010,
	Adsnote = {Provided by the SAO/NASA Astrophysics Data System},
	Adsurl = {http://adsabs.harvard.edu/abs/2010ApJS..190....1R},
	Archiveprefix = {arXiv},
	Author = {{Raghavan}, D. and {McAlister}, H.~A. and {Henry}, T.~J. and {Latham}, D.~W. and {Marcy}, G.~W. and {Mason}, B.~D. and {Gies}, D.~R. and {White}, R.~J. and {ten Brummelaar}, T.~A.},
	Date-Added = {2018-02-07 21:52:11 +0000},
	Date-Modified = {2018-02-07 21:52:13 +0000},
	Doi = {10.1088/0067-0049/190/1/1},
	Eprint = {1007.0414},
	Journal = {\apjs},
	Keywords = {binaries: general, planetary systems, stars: solar-type, stars: statistics, surveys},
	Month = sep,
	Pages = {1-42},
	Primaryclass = {astro-ph.SR},
	Title = {{A Survey of Stellar Families: Multiplicity of Solar-type Stars}},
	Volume = 190,
	Year = 2010,
	Bdsk-Url-1 = {https://dx.doi.org/10.1088/0067-0049/190/1/1}}

@article{Troup:2016,
	Adsnote = {Provided by the SAO/NASA Astrophysics Data System},
	Adsurl = {http://adsabs.harvard.edu/abs/2016AJ....151...85T},
	Archiveprefix = {arXiv},
	Author = {{Troup}, N.~W. and {Nidever}, D.~L. and {De Lee}, N. and {Carlberg}, J. and {Majewski}, S.~R. and {Fernandez}, M. and {Covey}, K. and {Chojnowski}, S.~D. and {Pepper}, J. and {Nguyen}, D.~T. and {Stassun}, K. and {Nguyen}, D.~C. and {Wisniewski}, J.~P. and {Fleming}, S.~W. and {Bizyaev}, D. and {Frinchaboy}, P.~M. and {Garc{\'{\i}}a-Hern{\'a}ndez}, D.~A. and {Ge}, J. and {Hearty}, F. and {Meszaros}, S. and {Pan}, K. and {Allende Prieto}, C. and {Schneider}, D.~P. and {Shetrone}, M.~D. and {Skrutskie}, M.~F. and {Wilson}, J. and {Zamora}, O.},
	Date-Added = {2017-12-12 13:51:45 +0000},
	Date-Modified = {2017-12-12 13:51:46 +0000},
	Doi = {10.3847/0004-6256/151/3/85},
	Eid = {85},
	Eprint = {1601.00688},
	Journal = {\aj},
	Keywords = {binaries: close, binaries: spectroscopic, brown dwarfs, Galaxy: stellar content, planetary systems},
	Month = mar,
	Pages = {85},
	Primaryclass = {astro-ph.SR},
	Title = {{Companions to APOGEE Stars. I. A Milky Way-spanning Catalog of Stellar and Substellar Companion Candidates and Their Diverse Hosts}},
	Volume = 151,
	Year = 2016,
	Bdsk-Url-1 = {http://dx.doi.org/10.3847/0004-6256/151/3/85}}

@article{ASPCAP,
	Adsnote = {Provided by the SAO/NASA Astrophysics Data System},
	Adsurl = {http://adsabs.harvard.edu/abs/2016AJ....151..144G},
	Archiveprefix = {arXiv},
	Author = {{Garc{\'{\i}}a P{\'e}rez}, A.~E. and {Allende Prieto}, C. and {Holtzman}, J.~A. and {Shetrone}, M. and {M{\'e}sz{\'a}ros}, S. and {Bizyaev}, D. and {Carrera}, R. and {Cunha}, K. and {Garc{\'{\i}}a-Hern{\'a}ndez}, D.~A. and {Johnson}, J.~A. and {Majewski}, S.~R. and {Nidever}, D.~L. and {Schiavon}, R.~P. and {Shane}, N. and {Smith}, V.~V. and {Sobeck}, J. and {Troup}, N. and {Zamora}, O. and {Weinberg}, D.~H. and {Bovy}, J. and {Eisenstein}, D.~J. and {Feuillet}, D. and {Frinchaboy}, P.~M. and {Hayden}, M.~R. and {Hearty}, F.~R. and {Nguyen}, D.~C. and {O'Connell}, R.~W. and {Pinsonneault}, M.~H. and {Wilson}, J.~C. and {Zasowski}, G.},
	Date-Added = {2017-08-12 10:00:05 +0000},
	Date-Modified = {2018-02-20 17:50:41 +0000},
	Doi = {10.3847/0004-6256/151/6/144},
	Eid = {144},
	Eprint = {1510.07635},
	Journal = {\aj},
	Keywords = {Galaxy: center, Galaxy: structure, methods: data analysis, stars: abundances, stars: atmospheres},
	Month = jun,
	Pages = {144},
	Primaryclass = {astro-ph.SR},
	Title = {{ASPCAP: The APOGEE Stellar Parameter and Chemical Abundances Pipeline}},
	Volume = 151,
	Year = 2016,
	Bdsk-Url-1 = {http://dx.doi.org/10.3847/0004-6256/151/6/144}}

@article{Moe:2017,
	Adsnote = {Provided by the SAO/NASA Astrophysics Data System},
	Adsurl = {http://adsabs.harvard.edu/abs/2017ApJS..230...15M},
	Archiveprefix = {arXiv},
	Author = {{Moe}, M. and {Di Stefano}, R.},
	Date-Added = {2018-02-07 22:04:32 +0000},
	Date-Modified = {2018-02-07 22:04:33 +0000},
	Doi = {10.3847/1538-4365/aa6fb6},
	Eid = {15},
	Eprint = {1606.05347},
	Journal = {\apjs},
	Keywords = {binaries: close, binaries: general, stars: evolution, stars: formation, stars: massive, stars: statistics},
	Month = jun,
	Pages = {15},
	Primaryclass = {astro-ph.SR},
	Title = {{Mind Your Ps and Qs: The Interrelation between Period (P) and Mass-ratio (Q) Distributions of Binary Stars}},
	Volume = 230,
	Year = 2017,
	Bdsk-Url-1 = {https://dx.doi.org/10.3847/1538-4365/aa6fb6}}

@article{LIGO:catalog,
	Author = {Abbott, B. P. and Abbott, R. and Abbott, T. D. and Abraham, S. and Acernese, F. and Ackley, K. and Adams, C. and Adhikari, R. X. and Adya, V. B. and Affeldt, C. and Agathos, M. and Agatsuma, K. and Aggarwal, N. and Aguiar, O. D. and Aiello, L. and Ain, A. and Ajith, P. and Allen, G. and Allocca, A. and Aloy, M. A. and Altin, P. A. and Amato, A. and Ananyeva, A. and Anderson, S. B. and Anderson, W. G. and Angelova, S. V. and Antier, S. and Appert, S. and Arai, K. and Araya, M. C. and Areeda, J. S. and Ar\`ene, M. and Arnaud, N. and Arun, K. G. and Ascenzi, S. and Ashton, G. and Aston, S. M. and Astone, P. and Aubin, F. and Aufmuth, P. and AultONeal, K. and Austin, C. and Avendano, V. and Avila-Alvarez, A. and Babak, S. and Bacon, P. and Badaracco, F. and Bader, M. K. M. and Bae, S. and Baker, P. T. and Baldaccini, F. and Ballardin, G. and Ballmer, S. W. and Banagiri, S. and Barayoga, J. C. and Barclay, S. E. and Barish, B. C. and Barker, D. and Barkett, K. and Barnum, S. and Barone, F. and Barr, B. and Barsotti, L. and Barsuglia, M. and Barta, D. and Bartlett, J. and Bartos, I. and Bassiri, R. and Basti, A. and Bawaj, M. and Bayley, J. C. and Bazzan, M. and B\'ecsy, B. and Bejger, M. and Belahcene, I. and Bell, A. S. and Beniwal, D. and Berger, B. K. and Bergmann, G. and Bernuzzi, S. and Bero, J. J. and Berry, C. P. L. and Bersanetti, D. and Bertolini, A. and Betzwieser, J. and Bhandare, R. and Bidler, J. and Bilenko, I. A. and Bilgili, S. A. and Billingsley, G. and Birch, J. and Birney, R. and Birnholtz, O. and Biscans, S. and Biscoveanu, S. and Bisht, A. and Bitossi, M. and Bizouard, M. A. and Blackburn, J. K. and Blackman, J. and Blair, C. D. and Blair, D. G. and Blair, R. M. and Bloemen, S. and Bode, N. and Boer, M. and Boetzel, Y. and Bogaert, G. and Bondu, F. and Bonilla, E. and Bonnand, R. and Booker, P. and Boom, B. A. and Booth, C. D. and Bork, R. and Boschi, V. and Bose, S. and Bossie, K. and Bossilkov, V. and Bosveld, J. and Bouffanais, Y. and Bozzi, A. and Bradaschia, C. and Brady, P. R. and Bramley, A. and Branchesi, M. and Brau, J. E. and Briant, T. and Briggs, J. H. and Brighenti, F. and Brillet, A. and Brinkmann, M. and Brisson, V. and Brockill, P. and Brooks, A. F. and Brown, D. D. and Brunett, S. and Buikema, A. and Bulik, T. and Bulten, H. J. and Buonanno, A. and Buskulic, D. and Bustamante Rosell, M. J. and Buy, C. and Byer, R. L. and Cabero, M. and Cadonati, L. and Cagnoli, G. and Cahillane, C. and Calder\'on Bustillo, J. and Callister, T. A. and Calloni, E. and Camp, J. B. and Campbell, W. A. and Canepa, M. and Cannon, K. C. and Cao, H. and Cao, J. and Capocasa, E. and Carbognani, F. and Caride, S. and Carney, M. F. and Carullo, G. and Casanueva Diaz, J. and Casentini, C. and Caudill, S. and Cavagli\`a, M. and Cavalier, F. and Cavalieri, R. and Cella, G. and Cerd\'a-Dur\'an, P. and Cerretani, G. and Cesarini, E. and Chaibi, O. and Chakravarti, K. and Chamberlin, S. J. and Chan, M. and Chao, S. and Charlton, P. and Chase, E. A. and Chassande-Mottin, E. and Chatterjee, D. and Chaturvedi, M. and Chatziioannou, K. and Cheeseboro, B. D. and Chen, H. Y. and Chen, X. and Chen, Y. and Cheng, H.-P. and Cheong, C. K. and Chia, H. Y. and Chincarini, A. and Chiummo, A. and Cho, G. and Cho, H. S. and Cho, M. and Christensen, N. and Chu, Q. and Chua, S. and Chung, K. W. and Chung, S. and Ciani, G. and Ciobanu, A. A. and Ciolfi, R. and Cipriano, F. and Cirone, A. and Clara, F. and Clark, J. A. and Clearwater, P. and Cleva, F. and Cocchieri, C. and Coccia, E. and Cohadon, P.-F. and Cohen, D. and Colgan, R. and Colleoni, M. and Collette, C. G. and Collins, C. and Cominsky, L. R. and Constancio, M. and Conti, L. and Cooper, S. J. and Corban, P. and Corbitt, T. R. and Cordero-Carri\'on, I. and Corley, K. R. and Cornish, N. and Corsi, A. and Cortese, S. and Costa, C. A. and Cotesta, R. and Coughlin, M. W. and Coughlin, S. B. and Coulon, J.-P. and Countryman, S. T. and Couvares, P. and Covas, P. B. and Cowan, E. E. and Coward, D. M. and Cowart, M. J. and Coyne, D. C. and Coyne, R. and Creighton, J. D. E. and Creighton, T. D. and Cripe, J. and Croquette, M. and Crowder, S. G. and Cullen, T. J. and Cumming, A. and Cunningham, L. and Cuoco, E. and Canton, T. Dal and D\'alya, G. and Danilishin, S. L. and D'Antonio, S. and Danzmann, K. and Dasgupta, A. and Da Silva Costa, C. F. and Datrier, L. E. H. and Dattilo, V. and Dave, I. and Davier, M. and Davis, D. and Daw, E. J. and DeBra, D. and Deenadayalan, M. and Degallaix, J. and De Laurentis, M. and Del\'eglise, S. and Del Pozzo, W. and DeMarchi, L. M. and Demos, N. and Dent, T. and De Pietri, R. and Derby, J. and De Rosa, R. and De Rossi, C. and DeSalvo, R. and de Varona, O. and Dhurandhar, S. and D\'{\i}az, M. C. and Dietrich, T. and Di Fiore, L. and Di Giovanni, M. and Di Girolamo, T. and Di Lieto, A. and Ding, B. and Di Pace, S. and Di Palma, I. and Di Renzo, F. and Dmitriev, A. and Doctor, Z. and Donovan, F. and Dooley, K. L. and Doravari, S. and Dorrington, I. and Downes, T. P. and Drago, M. and Driggers, J. C. and Du, Z. and Ducoin, J.-G. and Dupej, P. and Dwyer, S. E. and Easter, P. J. and Edo, T. B. and Edwards, M. C. and Effler, A. and Ehrens, P. and Eichholz, J. and Eikenberry, S. S. and Eisenmann, M. and Eisenstein, R. A. and Essick, R. C. and Estelles, H. and Estevez, D. and Etienne, Z. B. and Etzel, T. and Evans, M. and Evans, T. M. and Fafone, V. and Fair, H. and Fairhurst, S. and Fan, X. and Farinon, S. and Farr, B. and Farr, W. M. and Fauchon-Jones, E. J. and Favata, M. and Fays, M. and Fazio, M. and Fee, C. and Feicht, J. and Fejer, M. M. and Feng, F. and Fernandez-Galiana, A. and Ferrante, I. and Ferreira, E. C. and Ferreira, T. A. and Ferrini, F. and Fidecaro, F. and Fiori, I. and Fiorucci, D. and Fishbach, M. and Fisher, R. P. and Fishner, J. M. and Fitz-Axen, M. and Flaminio, R. and Fletcher, M. and Flynn, E. and Fong, H. and Font, J. A. and Forsyth, P. W. F. and Fournier, J.-D. and Frasca, S. and Frasconi, F. and Frei, Z. and Freise, A. and Frey, R. and Frey, V. and Fritschel, P. and Frolov, V. V. and Fulda, P. and Fyffe, M. and Gabbard, H. A. and Gadre, B. U. and Gaebel, S. M. and Gair, J. R. and Gammaitoni, L. and Ganija, M. R. and Gaonkar, S. G. and Garcia, A. and Garc\'{\i}a-Quir\'os, C. and Garufi, F. and Gateley, B. and Gaudio, S. and Gaur, G. and Gayathri, V. and Gemme, G. and Genin, E. and Gennai, A. and George, D. and George, J. and Gergely, L. and Germain, V. and Ghonge, S. and Ghosh, Abhirup and Ghosh, Archisman and Ghosh, S. and Giacomazzo, B. and Giaime, J. A. and Giardina, K. D. and Giazotto, A. and Gill, K. and Giordano, G. and Glover, L. and Godwin, P. and Goetz, E. and Goetz, R. and Goncharov, B. and Gonz\'alez, G. and Gonzalez Castro, J. M. and Gopakumar, A. and Gorodetsky, M. L. and Gossan, S. E. and Gosselin, M. and Gouaty, R. and Grado, A. and Graef, C. and Granata, M. and Grant, A. and Gras, S. and Grassia, P. and Gray, C. and Gray, R. and Greco, G. and Green, A. C. and Green, R. and Gretarsson, E. M. and Groot, P. and Grote, H. and Grunewald, S. and Gruning, P. and Guidi, G. M. and Gulati, H. K. and Guo, Y. and Gupta, A. and Gupta, M. K. and Gustafson, E. K. and Gustafson, R. and Haegel, L. and Halim, O. and Hall, B. R. and Hall, E. D. and Hamilton, E. Z. and Hammond, G. and Haney, M. and Hanke, M. M. and Hanks, J. and Hanna, C. and Hannam, M. D. and Hannuksela, O. A. and Hanson, J. and Hardwick, T. and Haris, K. and Harms, J. and Harry, G. M. and Harry, I. W. and Haster, C.-J. and Haughian, K. and Hayes, F. J. and Healy, J. and Heidmann, A. and Heintze, M. C. and Heitmann, H. and Hello, P. and Hemming, G. and Hendry, M. and Heng, I. S. and Hennig, J. and Heptonstall, A. W. and Hernandez Vivanco, Francisco and Heurs, M. and Hild, S. and Hinderer, T. and Hoak, D. and Hochheim, S. and Hofman, D. and Holgado, A. M. and Holland, N. A. and Holt, K. and Holz, D. E. and Hopkins, P. and Horst, C. and Hough, J. and Howell, E. J. and Hoy, C. G. and Hreibi, A. and Huang, Y. and Huerta, E. A. and Huet, D. and Hughey, B. and Hulko, M. and Husa, S. and Huttner, S. H. and Huynh-Dinh, T. and Idzkowski, B. and Iess, A. and Ingram, C. and Inta, R. and Intini, G. and Irwin, B. and Isa, H. N. and Isac, J.-M. and Isi, M. and Iyer, B. R. and Izumi, K. and Jacqmin, T. and Jadhav, S. J. and Jani, K. and Janthalur, N. N. and Jaranowski, P. and Jenkins, A. C. and Jiang, J. and Johnson, D. S. and Johnson-McDaniel, N. K. and Jones, A. W. and Jones, D. I. and Jones, R. and Jonker, R. J. G. and Ju, L. and Junker, J. and Kalaghatgi, C. V. and Kalogera, V. and Kamai, B. and Kandhasamy, S. and Kang, G. and Kanner, J. B. and Kapadia, S. J. and Karki, S. and Karvinen, K. S. and Kashyap, R. and Kasprzack, M. and Katsanevas, S. and Katsavounidis, E. and Katzman, W. and Kaufer, S. and Kawabe, K. and Keerthana, N. V. and K\'ef\'elian, F. and Keitel, D. and Kennedy, R. and Key, J. S. and Khalili, F. Y. and Khan, H. and Khan, I. and Khan, S. and Khan, Z. and Khazanov, E. A. and Khursheed, M. and Kijbunchoo, N. and Kim, Chunglee and Kim, J. C. and Kim, K. and Kim, W. and Kim, W. S. and Kim, Y.-M. and Kimball, C. and King, E. J. and King, P. J. and Kinley-Hanlon, M. and Kirchhoff, R. and Kissel, J. S. and Kleybolte, L. and Klika, J. H. and Klimenko, S. and Knowles, T. D. and Koch, P. and Koehlenbeck, S. M. and Koekoek, G. and Koley, S. and Kondrashov, V. and Kontos, A. and Koper, N. and Korobko, M. and Korth, W. Z. and Kowalska, I. and Kozak, D. B. and Kringel, V. and Krishnendu, N. and Kr\'olak, A. and Kuehn, G. and Kumar, A. and Kumar, P. and Kumar, R. and Kumar, S. and Kuo, L. and Kutynia, A. and Kwang, S. and Lackey, B. D. and Lai, K. H. and Lam, T. L. and Landry, M. and Lane, B. B. and Lang, R. N. and Lange, J. and Lantz, B. and Lanza, R. K. and Lartaux-Vollard, A. and Lasky, P. D. and Laxen, M. and Lazzarini, A. and Lazzaro, C. and Leaci, P. and Leavey, S. and Lecoeuche, Y. K. and Lee, C. H. and Lee, H. K. and Lee, H. M. and Lee, H. W. and Lee, J. and Lee, K. and Lehmann, J. and Lenon, A. and Leroy, N. and Letendre, N. and Levin, Y. and Li, J. and Li, K. J. L. and Li, T. G. F. and Li, X. and Lin, F. and Linde, F. and Linker, S. D. and Littenberg, T. B. and Liu, J. and Liu, X. and Lo, R. K. L. and Lockerbie, N. A. and London, L. T. and Longo, A. and Lorenzini, M. and Loriette, V. and Lormand, M. and Losurdo, G. and Lough, J. D. and Lousto, C. O. and Lovelace, G. and Lower, M. E. and L\"uck, H. and Lumaca, D. and Lundgren, A. P. and Lynch, R. and Ma, Y. and Macas, R. and Macfoy, S. and MacInnis, M. and Macleod, D. M. and Macquet, A. and Maga\~na-Sandoval, F. and Maga\~na Zertuche, L. and Magee, R. M. and Majorana, E. and Maksimovic, I. and Malik, A. and Man, N. and Mandic, V. and Mangano, V. and Mansell, G. L. and Manske, M. and Mantovani, M. and Marchesoni, F. and Marion, F. and M\'arka, S. and M\'arka, Z. and Markakis, C. and Markosyan, A. S. and Markowitz, A. and Maros, E. and Marquina, A. and Marsat, S. and Martelli, F. and Martin, I. W. and Martin, R. M. and Martynov, D. V. and Mason, K. and Massera, E. and Masserot, A. and Massinger, T. J. and Masso-Reid, M. and Mastrogiovanni, S. and Matas, A. and Matichard, F. and Matone, L. and Mavalvala, N. and Mazumder, N. and McCann, J. J. and McCarthy, R. and McClelland, D. E. and McCormick, S. and McCuller, L. and McGuire, S. C. and McIver, J. and McManus, D. J. and McRae, T. and McWilliams, S. T. and Meacher, D. and Meadors, G. D. and Mehmet, M. and Mehta, A. K. and Meidam, J. and Melatos, A. and Mendell, G. and Mercer, R. A. and Mereni, L. and Merilh, E. L. and Merzougui, M. and Meshkov, S. and Messenger, C. and Messick, C. and Metzdorff, R. and Meyers, P. M. and Miao, H. and Michel, C. and Middleton, H. and Mikhailov, E. E. and Milano, L. and Miller, A. L. and Miller, A. and Millhouse, M. and Mills, J. C. and Milovich-Goff, M. C. and Minazzoli, O. and Minenkov, Y. and Mishkin, A. and Mishra, C. and Mistry, T. and Mitra, S. and Mitrofanov, V. P. and Mitselmakher, G. and Mittleman, R. and Mo, G. and Moffa, D. and Mogushi, K. and Mohapatra, S. R. P. and Montani, M. and Moore, C. J. and Moraru, D. and Moreno, G. and Morisaki, S. and Mours, B. and Mow-Lowry, C. M. and Mukherjee, Arunava and Mukherjee, D. and Mukherjee, S. and Mukund, N. and Mullavey, A. and Munch, J. and Mu\~niz, E. A. and Muratore, M. and Murray, P. G. and Nagar, A. and Nardecchia, I. and Naticchioni, L. and Nayak, R. K. and Neilson, J. and Nelemans, G. and Nelson, T. J. N. and Nery, M. and Neunzert, A. and Ng, K. Y. and Ng, S. and Nguyen, P. and Nichols, D. and Nielsen, A. B. and Nissanke, S. and Nitz, A. and Nocera, F. and North, C. and Nuttall, L. K. and Obergaulinger, M. and Oberling, J. and O'Brien, B. D. and O'Dea, G. D. and Ogin, G. H. and Oh, J. J. and Oh, S. H. and Ohme, F. and Ohta, H. and Okada, M. A. and Oliver, M. and Oppermann, P. and Oram, Richard J. and O'Reilly, B. and Ormiston, R. G. and Ortega, L. F. and O'Shaughnessy, R. and Ossokine, S. and Ottaway, D. J. and Overmier, H. and Owen, B. J. and Pace, A. E. and Pagano, G. and Page, M. A. and Pai, A. and Pai, S. A. and Palamos, J. R. and Palashov, O. and Palomba, C. and Pal-Singh, A. and Pan, Huang-Wei and Pang, B. and Pang, P. T. H. and Pankow, C. and Pannarale, F. and Pant, B. C. and Paoletti, F. and Paoli, A. and Papa, M. A. and Parida, A. and Parker, W. and Pascucci, D. and Pasqualetti, A. and Passaquieti, R. and Passuello, D. and Patil, M. and Patricelli, B. and Pearlstone, B. L. and Pedersen, C. and Pedraza, M. and Pedurand, R. and Pele, A. and Penn, S. and Perego, A. and Perez, C. J. and Perreca, A. and Pfeiffer, H. P. and Phelps, M. and Phukon, K. S. and Piccinni, O. J. and Pichot, M. and Piergiovanni, F. and Pillant, G. and Pinard, L. and Pirello, M. and Pitkin, M. and Poggiani, R. and Pong, D. Y. T. and Ponrathnam, S. and Popolizio, P. and Porter, E. K. and Powell, J. and Prajapati, A. K. and Prasad, J. and Prasai, K. and Prasanna, R. and Pratten, G. and Prestegard, T. and Privitera, S. and Prodi, G. A. and Prokhorov, L. G. and Puncken, O. and Punturo, M. and Puppo, P. and P\"urrer, M. and Qi, H. and Quetschke, V. and Quinonez, P. J. and Quintero, E. A. and Quitzow-James, R. and Raab, F. J. and Radkins, H. and Radulescu, N. and Raffai, P. and Raja, S. and Rajan, C. and Rajbhandari, B. and Rakhmanov, M. and Ramirez, K. E. and Ramos-Buades, A. and Rana, Javed and Rao, K. and Rapagnani, P. and Raymond, V. and Razzano, M. and Read, J. and Regimbau, T. and Rei, L. and Reid, S. and Reitze, D. H. and Ren, W. and Ricci, F. and Richardson, C. J. and Richardson, J. W. and Ricker, P. M. and Riemenschneider, G. M. and Riles, K. and Rizzo, M. and Robertson, N. A. and Robie, R. and Robinet, F. and Rocchi, A. and Rolland, L. and Rollins, J. G. and Roma, V. J. and Romanelli, M. and Romano, R. and Romel, C. L. and Romie, J. H. and Rose, K. and Rosi\ifmmode \acute{n}\else \'{n}\fi{}ska, D. and Rosofsky, S. G. and Ross, M. P. and Rowan, S. and R\"udiger, A. and Ruggi, P. and Rutins, G. and Ryan, K. and Sachdev, S. and Sadecki, T. and Sakellariadou, M. and Salafia, O. and Salconi, L. and Saleem, M. and Salemi, F. and Samajdar, A. and Sammut, L. and Sanchez, E. J. and Sanchez, L. E. and Sanchis-Gual, N. and Sandberg, V. and Sanders, J. R. and Santiago, K. A. and Sarin, N. and Sassolas, B. and Sathyaprakash, B. S. and Saulson, P. R. and Sauter, O. and Savage, R. L. and Schale, P. and Scheel, M. and Scheuer, J. and Schmidt, P. and Schnabel, R. and Schofield, R. M. S. and Sch\"onbeck, A. and Schreiber, E. and Schulte, B. W. and Schutz, B. F. and Schwalbe, S. G. and Scott, J. and Scott, S. M. and Seidel, E. and Sellers, D. and Sengupta, A. S. and Sennett, N. and Sentenac, D. and Sequino, V. and Sergeev, A. and Setyawati, Y. and Shaddock, D. A. and Shaffer, T. and Shahriar, M. S. and Shaner, M. B. and Shao, L. and Sharma, P. and Shawhan, P. and Shen, H. and Shink, R. and Shoemaker, D. H. and Shoemaker, D. M. and ShyamSundar, S. and Siellez, K. and Sieniawska, M. and Sigg, D. and Silva, A. D. and Singer, L. P. and Singh, N. and Singhal, A. and Sintes, A. M. and Sitmukhambetov, S. and Skliris, V. and Slagmolen, B. J. J. and Slaven-Blair, T. J. and Smith, J. R. and Smith, R. J. E. and Somala, S. and Son, E. J. and Sorazu, B. and Sorrentino, F. and Souradeep, T. and Sowell, E. and Spencer, A. P. and Srivastava, A. K. and Srivastava, V. and Staats, K. and Stachie, C. and Standke, M. and Steer, D. A. and Steinke, M. and Steinlechner, J. and Steinlechner, S. and Steinmeyer, D. and Stevenson, S. P. and Stocks, D. and Stone, R. and Stops, D. J. and Strain, K. A. and Stratta, G. and Strigin, S. E. and Strunk, A. and Sturani, R. and Stuver, A. L. and Sudhir, V. and Summerscales, T. Z. and Sun, L. and Sunil, S. and Suresh, J. and Sutton, P. J. and Swinkels, B. L. and Szczepa\ifmmode \acute{n}\else \'{n}\fi{}czyk, M. J. and Tacca, M. and Tait, S. C. and Talbot, C. and Talukder, D. and Tanner, D. B. and T\'apai, M. and Taracchini, A. and Tasson, J. D. and Taylor, R. and Thies, F. and Thomas, M. and Thomas, P. and Thondapu, S. R. and Thorne, K. A. and Thrane, E. and Tiwari, Shubhanshu and Tiwari, Srishti and Tiwari, V. and Toland, K. and Tonelli, M. and Tornasi, Z. and Torres-Forn\'e, A. and Torrie, C. I. and T\"oyr\"a, D. and Travasso, F. and Traylor, G. and Tringali, M. C. and Trovato, A. and Trozzo, L. and Trudeau, R. and Tsang, K. W. and Tse, M. and Tso, R. and Tsukada, L. and Tsuna, D. and Tuyenbayev, D. and Ueno, K. and Ugolini, D. and Unnikrishnan, C. S. and Urban, A. L. and Usman, S. A. and Vahlbruch, H. and Vajente, G. and Valdes, G. and van Bakel, N. and van Beuzekom, M. and van den Brand, J. F. J. and Van Den Broeck, C. and Vander-Hyde, D. C. and van Heijningen, J. V. and van der Schaaf, L. and van Veggel, A. A. and Vardaro, M. and Varma, V. and Vass, S. and Vas\'uth, M. and Vecchio, A. and Vedovato, G. and Veitch, J. and Veitch, P. J. and Venkateswara, K. and Venugopalan, G. and Verkindt, D. and Vetrano, F. and Vicer\'e, A. and Viets, A. D. and Vine, D. J. and Vinet, J.-Y. and Vitale, S. and Vo, T. and Vocca, H. and Vorvick, C. and Vyatchanin, S. P. and Wade, A. R. and Wade, L. E. and Wade, M. and Walet, R. and Walker, M. and Wallace, L. and Walsh, S. and Wang, G. and Wang, H. and Wang, J. Z. and Wang, W. H. and Wang, Y. F. and Ward, R. L. and Warden, Z. A. and Warner, J. and Was, M. and Watchi, J. and Weaver, B. and Wei, L.-W. and Weinert, M. and Weinstein, A. J. and Weiss, R. and Wellmann, F. and Wen, L. and Wessel, E. K. and We\ss{}els, P. and Westhouse, J. W. and Wette, K. and Whelan, J. T. and White, L. V. and Whiting, B. F. and Whittle, C. and Wilken, D. M. and Williams, D. and Williamson, A. R. and Willis, J. L. and Willke, B. and Wimmer, M. H. and Winkler, W. and Wipf, C. C. and Wittel, H. and Woan, G. and Woehler, J. and Wofford, J. K. and Worden, J. and Wright, J. L. and Wu, D. S. and Wysocki, D. M. and Xiao, L. and Yamamoto, H. and Yancey, C. C. and Yang, L. and Yap, M. J. and Yazback, M. and Yeeles, D. W. and Yu, Hang and Yu, Haocun and Yuen, S. H. R. and Yvert, M. and Zadro\ifmmode \dot{z}\else \.{z}\fi{}ny, A. K. and Zanolin, M. and Zappa, F. and Zelenova, T. and Zendri, J.-P. and Zevin, M. and Zhang, J. and Zhang, L. and Zhang, T. and Zhao, C. and Zhou, M. and Zhou, Z. and Zhu, X. J. and Zimmerman, A. B. and Zlochower, Y. and Zucker, M. E. and Zweizig, J.},
	Collaboration = {LIGO Scientific Collaboration and Virgo Collaboration},
	Doi = {10.1103/PhysRevX.9.031040},
	Issue = {3},
	Journal = {Phys. Rev. X},
	Month = {Sep},
	Numpages = {49},
	Pages = {031040},
	Publisher = {American Physical Society},
	Title = {GWTC-1: A Gravitational-Wave Transient Catalog of Compact Binary Mergers Observed by LIGO and Virgo during the First and Second Observing Runs},
	Url = {https://link.aps.org/doi/10.1103/PhysRevX.9.031040},
	Volume = {9},
	Year = {2019},
	Bdsk-Url-1 = {https://link.aps.org/doi/10.1103/PhysRevX.9.031040},
	Bdsk-Url-2 = {https://doi.org/10.1103/PhysRevX.9.031040}}

@article{LIGO:BH1,
	Author = {Abbott, B. P. and Abbott, R. and Abbott, T. D. and Abernathy, M. R. and Acernese, F. and Ackley, K. and Adams, C. and Adams, T. and Addesso, P. and Adhikari, R. X. and Adya, V. B. and Affeldt, C. and Agathos, M. and Agatsuma, K. and Aggarwal, N. and Aguiar, O. D. and Aiello, L. and Ain, A. and Ajith, P. and Allen, B. and Allocca, A. and Altin, P. A. and Anderson, S. B. and Anderson, W. G. and Arai, K. and Arain, M. A. and Araya, M. C. and Arceneaux, C. C. and Areeda, J. S. and Arnaud, N. and Arun, K. G. and Ascenzi, S. and Ashton, G. and Ast, M. and Aston, S. M. and Astone, P. and Aufmuth, P. and Aulbert, C. and Babak, S. and Bacon, P. and Bader, M. K. M. and Baker, P. T. and Baldaccini, F. and Ballardin, G. and Ballmer, S. W. and Barayoga, J. C. and Barclay, S. E. and Barish, B. C. and Barker, D. and Barone, F. and Barr, B. and Barsotti, L. and Barsuglia, M. and Barta, D. and Bartlett, J. and Barton, M. A. and Bartos, I. and Bassiri, R. and Basti, A. and Batch, J. C. and Baune, C. and Bavigadda, V. and Bazzan, M. and Behnke, B. and Bejger, M. and Belczynski, C. and Bell, A. S. and Bell, C. J. and Berger, B. K. and Bergman, J. and Bergmann, G. and Berry, C. P. L. and Bersanetti, D. and Bertolini, A. and Betzwieser, J. and Bhagwat, S. and Bhandare, R. and Bilenko, I. A. and Billingsley, G. and Birch, J. and Birney, R. and Birnholtz, O. and Biscans, S. and Bisht, A. and Bitossi, M. and Biwer, C. and Bizouard, M. A. and Blackburn, J. K. and Blair, C. D. and Blair, D. G. and Blair, R. M. and Bloemen, S. and Bock, O. and Bodiya, T. P. and Boer, M. and Bogaert, G. and Bogan, C. and Bohe, A. and Bojtos, P. and Bond, C. and Bondu, F. and Bonnand, R. and Boom, B. A. and Bork, R. and Boschi, V. and Bose, S. and Bouffanais, Y. and Bozzi, A. and Bradaschia, C. and Brady, P. R. and Braginsky, V. B. and Branchesi, M. and Brau, J. E. and Briant, T. and Brillet, A. and Brinkmann, M. and Brisson, V. and Brockill, P. and Brooks, A. F. and Brown, D. A. and Brown, D. D. and Brown, N. M. and Buchanan, C. C. and Buikema, A. and Bulik, T. and Bulten, H. J. and Buonanno, A. and Buskulic, D. and Buy, C. and Byer, R. L. and Cabero, M. and Cadonati, L. and Cagnoli, G. and Cahillane, C. and Bustillo, J. Calder\'on and Callister, T. and Calloni, E. and Camp, J. B. and Cannon, K. C. and Cao, J. and Capano, C. D. and Capocasa, E. and Carbognani, F. and Caride, S. and Diaz, J. Casanueva and Casentini, C. and Caudill, S. and Cavagli\`a, M. and Cavalier, F. and Cavalieri, R. and Cella, G. and Cepeda, C. B. and Baiardi, L. Cerboni and Cerretani, G. and Cesarini, E. and Chakraborty, R. and Chalermsongsak, T. and Chamberlin, S. J. and Chan, M. and Chao, S. and Charlton, P. and Chassande-Mottin, E. and Chen, H. Y. and Chen, Y. and Cheng, C. and Chincarini, A. and Chiummo, A. and Cho, H. S. and Cho, M. and Chow, J. H. and Christensen, N. and Chu, Q. and Chua, S. and Chung, S. and Ciani, G. and Clara, F. and Clark, J. A. and Cleva, F. and Coccia, E. and Cohadon, P.-F. and Colla, A. and Collette, C. G. and Cominsky, L. and Constancio, M. and Conte, A. and Conti, L. and Cook, D. and Corbitt, T. R. and Cornish, N. and Corsi, A. and Cortese, S. and Costa, C. A. and Coughlin, M. W. and Coughlin, S. B. and Coulon, J.-P. and Countryman, S. T. and Couvares, P. and Cowan, E. E. and Coward, D. M. and Cowart, M. J. and Coyne, D. C. and Coyne, R. and Craig, K. and Creighton, J. D. E. and Creighton, T. D. and Cripe, J. and Crowder, S. G. and Cruise, A. M. and Cumming, A. and Cunningham, L. and Cuoco, E. and Canton, T. Dal and Danilishin, S. L. and D'Antonio, S. and Danzmann, K. and Darman, N. S. and Da Silva Costa, C. F. and Dattilo, V. and Dave, I. and Daveloza, H. P. and Davier, M. and Davies, G. S. and Daw, E. J. and Day, R. and De, S. and DeBra, D. and Debreczeni, G. and Degallaix, J. and De Laurentis, M. and Del\'eglise, S. and Del Pozzo, W. and Denker, T. and Dent, T. and Dereli, H. and Dergachev, V. and DeRosa, R. T. and De Rosa, R. and DeSalvo, R. and Dhurandhar, S. and D\'{\i}az, M. C. and Di Fiore, L. and Di Giovanni, M. and Di Lieto, A. and Di Pace, S. and Di Palma, I. and Di Virgilio, A. and Dojcinoski, G. and Dolique, V. and Donovan, F. and Dooley, K. L. and Doravari, S. and Douglas, R. and Downes, T. P. and Drago, M. and Drever, R. W. P. and Driggers, J. C. and Du, Z. and Ducrot, M. and Dwyer, S. E. and Edo, T. B. and Edwards, M. C. and Effler, A. and Eggenstein, H.-B. and Ehrens, P. and Eichholz, J. and Eikenberry, S. S. and Engels, W. and Essick, R. C. and Etzel, T. and Evans, M. and Evans, T. M. and Everett, R. and Factourovich, M. and Fafone, V. and Fair, H. and Fairhurst, S. and Fan, X. and Fang, Q. and Farinon, S. and Farr, B. and Farr, W. M. and Favata, M. and Fays, M. and Fehrmann, H. and Fejer, M. M. and Feldbaum, D. and Ferrante, I. and Ferreira, E. C. and Ferrini, F. and Fidecaro, F. and Finn, L. S. and Fiori, I. and Fiorucci, D. and Fisher, R. P. and Flaminio, R. and Fletcher, M. and Fong, H. and Fournier, J.-D. and Franco, S. and Frasca, S. and Frasconi, F. and Frede, M. and Frei, Z. and Freise, A. and Frey, R. and Frey, V. and Fricke, T. T. and Fritschel, P. and Frolov, V. V. and Fulda, P. and Fyffe, M. and Gabbard, H. A. G. and Gair, J. R. and Gammaitoni, L. and Gaonkar, S. G. and Garufi, F. and Gatto, A. and Gaur, G. and Gehrels, N. and Gemme, G. and Gendre, B. and Genin, E. and Gennai, A. and George, J. and Gergely, L. and Germain, V. and Ghosh, Abhirup and Ghosh, Archisman and Ghosh, S. and Giaime, J. A. and Giardina, K. D. and Giazotto, A. and Gill, K. and Glaefke, A. and Gleason, J. R. and Goetz, E. and Goetz, R. and Gondan, L. and Gonz\'alez, G. and Castro, J. M. Gonzalez and Gopakumar, A. and Gordon, N. A. and Gorodetsky, M. L. and Gossan, S. E. and Gosselin, M. and Gouaty, R. and Graef, C. and Graff, P. B. and Granata, M. and Grant, A. and Gras, S. and Gray, C. and Greco, G. and Green, A. C. and Greenhalgh, R. J. S. and Groot, P. and Grote, H. and Grunewald, S. and Guidi, G. M. and Guo, X. and Gupta, A. and Gupta, M. K. and Gushwa, K. E. and Gustafson, E. K. and Gustafson, R. and Hacker, J. J. and Hall, B. R. and Hall, E. D. and Hammond, G. and Haney, M. and Hanke, M. M. and Hanks, J. and Hanna, C. and Hannam, M. D. and Hanson, J. and Hardwick, T. and Harms, J. and Harry, G. M. and Harry, I. W. and Hart, M. J. and Hartman, M. T. and Haster, C.-J. and Haughian, K. and Healy, J. and Heefner, J. and Heidmann, A. and Heintze, M. C. and Heinzel, G. and Heitmann, H. and Hello, P. and Hemming, G. and Hendry, M. and Heng, I. S. and Hennig, J. and Heptonstall, A. W. and Heurs, M. and Hild, S. and Hoak, D. and Hodge, K. A. and Hofman, D. and Hollitt, S. E. and Holt, K. and Holz, D. E. and Hopkins, P. and Hosken, D. J. and Hough, J. and Houston, E. A. and Howell, E. J. and Hu, Y. M. and Huang, S. and Huerta, E. A. and Huet, D. and Hughey, B. and Husa, S. and Huttner, S. H. and Huynh-Dinh, T. and Idrisy, A. and Indik, N. and Ingram, D. R. and Inta, R. and Isa, H. N. and Isac, J.-M. and Isi, M. and Islas, G. and Isogai, T. and Iyer, B. R. and Izumi, K. and Jacobson, M. B. and Jacqmin, T. and Jang, H. and Jani, K. and Jaranowski, P. and Jawahar, S. and Jim\'enez-Forteza, F. and Johnson, W. W. and Johnson-McDaniel, N. K. and Jones, D. I. and Jones, R. and Jonker, R. J. G. and Ju, L. and Haris, K. and Kalaghatgi, C. V. and Kalogera, V. and Kandhasamy, S. and Kang, G. and Kanner, J. B. and Karki, S. and Kasprzack, M. and Katsavounidis, E. and Katzman, W. and Kaufer, S. and Kaur, T. and Kawabe, K. and Kawazoe, F. and K\'ef\'elian, F. and Kehl, M. S. and Keitel, D. and Kelley, D. B. and Kells, W. and Kennedy, R. and Keppel, D. G. and Key, J. S. and Khalaidovski, A. and Khalili, F. Y. and Khan, I. and Khan, S. and Khan, Z. and Khazanov, E. A. and Kijbunchoo, N. and Kim, C. and Kim, J. and Kim, K. and Kim, Nam-Gyu and Kim, Namjun and Kim, Y.-M. and King, E. J. and King, P. J. and Kinzel, D. L. and Kissel, J. S. and Kleybolte, L. and Klimenko, S. and Koehlenbeck, S. M. and Kokeyama, K. and Koley, S. and Kondrashov, V. and Kontos, A. and Koranda, S. and Korobko, M. and Korth, W. Z. and Kowalska, I. and Kozak, D. B. and Kringel, V. and Krishnan, B. and Kr\'olak, A. and Krueger, C. and Kuehn, G. and Kumar, P. and Kumar, R. and Kuo, L. and Kutynia, A. and Kwee, P. and Lackey, B. D. and Landry, M. and Lange, J. and Lantz, B. and Lasky, P. D. and Lazzarini, A. and Lazzaro, C. and Leaci, P. and Leavey, S. and Lebigot, E. O. and Lee, C. H. and Lee, H. K. and Lee, H. M. and Lee, K. and Lenon, A. and Leonardi, M. and Leong, J. R. and Leroy, N. and Letendre, N. and Levin, Y. and Levine, B. M. and Li, T. G. F. and Libson, A. and Littenberg, T. B. and Lockerbie, N. A. and Logue, J. and Lombardi, A. L. and London, L. T. and Lord, J. E. and Lorenzini, M. and Loriette, V. and Lormand, M. and Losurdo, G. and Lough, J. D. and Lousto, C. O. and Lovelace, G. and L\"uck, H. and Lundgren, A. P. and Luo, J. and Lynch, R. and Ma, Y. and MacDonald, T. and Machenschalk, B. and MacInnis, M. and Macleod, D. M. and Maga\~na-Sandoval, F. and Magee, R. M. and Mageswaran, M. and Majorana, E. and Maksimovic, I. and Malvezzi, V. and Man, N. and Mandel, I. and Mandic, V. and Mangano, V. and Mansell, G. L. and Manske, M. and Mantovani, M. and Marchesoni, F. and Marion, F. and M\'arka, S. and M\'arka, Z. and Markosyan, A. S. and Maros, E. and Martelli, F. and Martellini, L. and Martin, I. W. and Martin, R. M. and Martynov, D. V. and Marx, J. N. and Mason, K. and Masserot, A. and Massinger, T. J. and Masso-Reid, M. and Matichard, F. and Matone, L. and Mavalvala, N. and Mazumder, N. and Mazzolo, G. and McCarthy, R. and McClelland, D. E. and McCormick, S. and McGuire, S. C. and McIntyre, G. and McIver, J. and McManus, D. J. and McWilliams, S. T. and Meacher, D. and Meadors, G. D. and Meidam, J. and Melatos, A. and Mendell, G. and Mendoza-Gandara, D. and Mercer, R. A. and Merilh, E. and Merzougui, M. and Meshkov, S. and Messenger, C. and Messick, C. and Meyers, P. M. and Mezzani, F. and Miao, H. and Michel, C. and Middleton, H. and Mikhailov, E. E. and Milano, L. and Miller, J. and Millhouse, M. and Minenkov, Y. and Ming, J. and Mirshekari, S. and Mishra, C. and Mitra, S. and Mitrofanov, V. P. and Mitselmakher, G. and Mittleman, R. and Moggi, A. and Mohan, M. and Mohapatra, S. R. P. and Montani, M. and Moore, B. C. and Moore, C. J. and Moraru, D. and Moreno, G. and Morriss, S. R. and Mossavi, K. and Mours, B. and Mow-Lowry, C. M. and Mueller, C. L. and Mueller, G. and Muir, A. W. and Mukherjee, Arunava and Mukherjee, D. and Mukherjee, S. and Mukund, N. and Mullavey, A. and Munch, J. and Murphy, D. J. and Murray, P. G. and Mytidis, A. and Nardecchia, I. and Naticchioni, L. and Nayak, R. K. and Necula, V. and Nedkova, K. and Nelemans, G. and Neri, M. and Neunzert, A. and Newton, G. and Nguyen, T. T. and Nielsen, A. B. and Nissanke, S. and Nitz, A. and Nocera, F. and Nolting, D. and Normandin, M. E. N. and Nuttall, L. K. and Oberling, J. and Ochsner, E. and O'Dell, J. and Oelker, E. and Ogin, G. H. and Oh, J. J. and Oh, S. H. and Ohme, F. and Oliver, M. and Oppermann, P. and Oram, Richard J. and O'Reilly, B. and O'Shaughnessy, R. and Ott, C. D. and Ottaway, D. J. and Ottens, R. S. and Overmier, H. and Owen, B. J. and Pai, A. and Pai, S. A. and Palamos, J. R. and Palashov, O. and Palomba, C. and Pal-Singh, A. and Pan, H. and Pan, Y. and Pankow, C. and Pannarale, F. and Pant, B. C. and Paoletti, F. and Paoli, A. and Papa, M. A. and Paris, H. R. and Parker, W. and Pascucci, D. and Pasqualetti, A. and Passaquieti, R. and Passuello, D. and Patricelli, B. and Patrick, Z. and Pearlstone, B. L. and Pedraza, M. and Pedurand, R. and Pekowsky, L. and Pele, A. and Penn, S. and Perreca, A. and Pfeiffer, H. P. and Phelps, M. and Piccinni, O. and Pichot, M. and Pickenpack, M. and Piergiovanni, F. and Pierro, V. and Pillant, G. and Pinard, L. and Pinto, I. M. and Pitkin, M. and Poeld, J. H. and Poggiani, R. and Popolizio, P. and Post, A. and Powell, J. and Prasad, J. and Predoi, V. and Premachandra, S. S. and Prestegard, T. and Price, L. R. and Prijatelj, M. and Principe, M. and Privitera, S. and Prix, R. and Prodi, G. A. and Prokhorov, L. and Puncken, O. and Punturo, M. and Puppo, P. and P\"urrer, M. and Qi, H. and Qin, J. and Quetschke, V. and Quintero, E. A. and Quitzow-James, R. and Raab, F. J. and Rabeling, D. S. and Radkins, H. and Raffai, P. and Raja, S. and Rakhmanov, M. and Ramet, C. R. and Rapagnani, P. and Raymond, V. and Razzano, M. and Re, V. and Read, J. and Reed, C. M. and Regimbau, T. and Rei, L. and Reid, S. and Reitze, D. H. and Rew, H. and Reyes, S. D. and Ricci, F. and Riles, K. and Robertson, N. A. and Robie, R. and Robinet, F. and Rocchi, A. and Rolland, L. and Rollins, J. G. and Roma, V. J. and Romano, J. D. and Romano, R. and Romanov, G. and Romie, J. H. and Rosi\ifmmode \acute{n}\else \'{n}\fi{}ska, D. and Rowan, S. and R\"udiger, A. and Ruggi, P. and Ryan, K. and Sachdev, S. and Sadecki, T. and Sadeghian, L. and Salconi, L. and Saleem, M. and Salemi, F. and Samajdar, A. and Sammut, L. and Sampson, L. M. and Sanchez, E. J. and Sandberg, V. and Sandeen, B. and Sanders, G. H. and Sanders, J. R. and Sassolas, B. and Sathyaprakash, B. S. and Saulson, P. R. and Sauter, O. and Savage, R. L. and Sawadsky, A. and Schale, P. and Schilling, R. and Schmidt, J. and Schmidt, P. and Schnabel, R. and Schofield, R. M. S. and Sch\"onbeck, A. and Schreiber, E. and Schuette, D. and Schutz, B. F. and Scott, J. and Scott, S. M. and Sellers, D. and Sengupta, A. S. and Sentenac, D. and Sequino, V. and Sergeev, A. and Serna, G. and Setyawati, Y. and Sevigny, A. and Shaddock, D. A. and Shaffer, T. and Shah, S. and Shahriar, M. S. and Shaltev, M. and Shao, Z. and Shapiro, B. and Shawhan, P. and Sheperd, A. and Shoemaker, D. H. and Shoemaker, D. M. and Siellez, K. and Siemens, X. and Sigg, D. and Silva, A. D. and Simakov, D. and Singer, A. and Singer, L. P. and Singh, A. and Singh, R. and Singhal, A. and Sintes, A. M. and Slagmolen, B. J. J. and Smith, J. R. and Smith, M. R. and Smith, N. D. and Smith, R. J. E. and Son, E. J. and Sorazu, B. and Sorrentino, F. and Souradeep, T. and Srivastava, A. K. and Staley, A. and Steinke, M. and Steinlechner, J. and Steinlechner, S. and Steinmeyer, D. and Stephens, B. C. and Stevenson, S. P. and Stone, R. and Strain, K. A. and Straniero, N. and Stratta, G. and Strauss, N. A. and Strigin, S. and Sturani, R. and Stuver, A. L. and Summerscales, T. Z. and Sun, L. and Sutton, P. J. and Swinkels, B. L. and Szczepa\ifmmode \acute{n}\else \'{n}\fi{}czyk, M. J. and Tacca, M. and Talukder, D. and Tanner, D. B. and T\'apai, M. and Tarabrin, S. P. and Taracchini, A. and Taylor, R. and Theeg, T. and Thirugnanasambandam, M. P. and Thomas, E. G. and Thomas, M. and Thomas, P. and Thorne, K. A. and Thorne, K. S. and Thrane, E. and Tiwari, S. and Tiwari, V. and Tokmakov, K. V. and Tomlinson, C. and Tonelli, M. and Torres, C. V. and Torrie, C. I. and T\"oyr\"a, D. and Travasso, F. and Traylor, G. and Trifir\`o, D. and Tringali, M. C. and Trozzo, L. and Tse, M. and Turconi, M. and Tuyenbayev, D. and Ugolini, D. and Unnikrishnan, C. S. and Urban, A. L. and Usman, S. A. and Vahlbruch, H. and Vajente, G. and Valdes, G. and Vallisneri, M. and van Bakel, N. and van Beuzekom, M. and van den Brand, J. F. J. and Van Den Broeck, C. and Vander-Hyde, D. C. and van der Schaaf, L. and van Heijningen, J. V. and van Veggel, A. A. and Vardaro, M. and Vass, S. and Vas\'uth, M. and Vaulin, R. and Vecchio, A. and Vedovato, G. and Veitch, J. and Veitch, P. J. and Venkateswara, K. and Verkindt, D. and Vetrano, F. and Vicer\'e, A. and Vinciguerra, S. and Vine, D. J. and Vinet, J.-Y. and Vitale, S. and Vo, T. and Vocca, H. and Vorvick, C. and Voss, D. and Vousden, W. D. and Vyatchanin, S. P. and Wade, A. R. and Wade, L. E. and Wade, M. and Waldman, S. J. and Walker, M. and Wallace, L. and Walsh, S. and Wang, G. and Wang, H. and Wang, M. and Wang, X. and Wang, Y. and Ward, H. and Ward, R. L. and Warner, J. and Was, M. and Weaver, B. and Wei, L.-W. and Weinert, M. and Weinstein, A. J. and Weiss, R. and Welborn, T. and Wen, L. and We\ss{}els, P. and Westphal, T. and Wette, K. and Whelan, J. T. and Whitcomb, S. E. and White, D. J. and Whiting, B. F. and Wiesner, K. and Wilkinson, C. and Willems, P. A. and Williams, L. and Williams, R. D. and Williamson, A. R. and Willis, J. L. and Willke, B. and Wimmer, M. H. and Winkelmann, L. and Winkler, W. and Wipf, C. C. and Wiseman, A. G. and Wittel, H. and Woan, G. and Worden, J. and Wright, J. L. and Wu, G. and Yablon, J. and Yakushin, I. and Yam, W. and Yamamoto, H. and Yancey, C. C. and Yap, M. J. and Yu, H. and Yvert, M. and Zadro\ifmmode \dot{z}\else \.{z}\fi{}ny, A. and Zangrando, L. and Zanolin, M. and Zendri, J.-P. and Zevin, M. and Zhang, F. and Zhang, L. and Zhang, M. and Zhang, Y. and Zhao, C. and Zhou, M. and Zhou, Z. and Zhu, X. J. and Zucker, M. E. and Zuraw, S. E. and Zweizig, J.},
	Collaboration = {LIGO Scientific Collaboration and Virgo Collaboration},
	Doi = {10.1103/PhysRevLett.116.061102},
	Issue = {6},
	Journal = {Phys. Rev. Lett.},
	Month = {Feb},
	Numpages = {16},
	Pages = {061102},
	Publisher = {American Physical Society},
	Title = {Observation of Gravitational Waves from a Binary Black Hole Merger},
	Url = {https://link.aps.org/doi/10.1103/PhysRevLett.116.061102},
	Volume = {116},
	Year = {2016},
	Bdsk-Url-1 = {https://link.aps.org/doi/10.1103/PhysRevLett.116.061102},
	Bdsk-Url-2 = {https://doi.org/10.1103/PhysRevLett.116.061102}}

@article{Badenes:2018,
	Adsnote = {Provided by the SAO/NASA Astrophysics Data System},
	Adsurl = {https://ui.adsabs.harvard.edu/abs/2018ApJ...854..147B},
	Archiveprefix = {arXiv},
	Author = {{Badenes}, Carles and {Mazzola}, Christine and {Thompson}, Todd A. and {Covey}, Kevin and {Freeman}, Peter E. and {Walker}, Matthew G. and {Moe}, Maxwell and {Troup}, Nicholas and {Nidever}, David and {Allende Prieto}, Carlos and {Andrews}, Brett and {Barb{\'a}}, Rodolfo H. and {Beers}, Timothy C. and {Bovy}, Jo and {Carlberg}, Joleen K. and {De Lee}, Nathan and {Johnson}, Jennifer and {Lewis}, Hannah and {Majewski}, Steven R. and {Pinsonneault}, Marc and {Sobeck}, Jennifer and {Stassun}, Keivan G. and {Stringfellow}, Guy S. and {Zasowski}, Gail},
	Doi = {10.3847/1538-4357/aaa765},
	Eid = {147},
	Eprint = {1711.00660},
	Journal = {\apj},
	Keywords = {binaries: close, binaries: spectroscopic, stars: evolution, stars: fundamental parameters, Astrophysics - Solar and Stellar Astrophysics},
	Month = {Feb},
	Number = {2},
	Pages = {147},
	Primaryclass = {astro-ph.SR},
	Title = {{Stellar Multiplicity Meets Stellar Evolution and Metallicity: The APOGEE View}},
	Volume = {854},
	Year = {2018},
	Bdsk-Url-1 = {https://doi.org/10.3847/1538-4357/aaa765}}


@ARTICLE{Gaia:2018a,
       author = {{Lindegren}, L. and {Hern{\'a}ndez}, J. and {Bombrun}, A. and
         {Klioner}, S. and {Bastian}, U. and {Ramos-Lerate}, M. and
         {de Torres}, A. and {Steidelm{\"u}ller}, H. and {Stephenson}, C. and
         {Hobbs}, D. and {Lammers}, U. and {Biermann}, M. and {Geyer}, R. and
         {Hilger}, T. and {Michalik}, D. and {Stampa}, U. and {McMillan}, P.~J. and
         {Casta{\~n}eda}, J. and {Clotet}, M. and {Comoretto}, G. and
         {Davidson}, M. and {Fabricius}, C. and {Gracia}, G. and
         {Hambly}, N.~C. and {Hutton}, A. and {Mora}, A. and {Portell}, J. and
         {van Leeuwen}, F. and {Abbas}, U. and {Abreu}, A. and {Altmann}, M. and
         {Andrei}, A. and {Anglada}, E. and {Balaguer-N{\'u}{\~n}ez}, L. and
         {Barache}, C. and {Becciani}, U. and {Bertone}, S. and {Bianchi}, L. and
         {Bouquillon}, S. and {Bourda}, G. and {Br{\"u}semeister}, T. and
         {Bucciarelli}, B. and {Busonero}, D. and {Buzzi}, R. and
         {Cancelliere}, R. and {Carlucci}, T. and {Charlot}, P. and {Cheek}, N. and
         {Crosta}, M. and {Crowley}, C. and {de Bruijne}, J. and
         {de Felice}, F. and {Drimmel}, R. and {Esquej}, P. and {Fienga}, A. and
         {Fraile}, E. and {Gai}, M. and {Garralda}, N. and
         {Gonz{\'a}lez-Vidal}, J.~J. and {Guerra}, R. and {Hauser}, M. and
         {Hofmann}, W. and {Holl}, B. and {Jordan}, S. and {Lattanzi}, M.~G. and
         {Lenhardt}, H. and {Liao}, S. and {Licata}, E. and {Lister}, T. and
         {L{\"o}ffler}, W. and {Marchant}, J. and {Martin-Fleitas}, J. -M. and
         {Messineo}, R. and {Mignard}, F. and {Morbidelli}, R. and {Poggio}, E. and
         {Riva}, A. and {Rowell}, N. and {Salguero}, E. and {Sarasso}, M. and
         {Sciacca}, E. and {Siddiqui}, H. and {Smart}, R.~L. and {Spagna}, A. and
         {Steele}, I. and {Taris}, F. and {Torra}, J. and {van Elteren}, A. and
         {van Reeven}, W. and {Vecchiato}, A.},
        title = "{Gaia Data Release 2. The astrometric solution}",
      journal = {\aap},
     keywords = {astrometry, parallaxes, proper motions, methods: data analysis, space vehicles: instruments, reference systems, Astrophysics - Instrumentation and Methods for Astrophysics},
         year = "2018",
        month = "Aug",
       volume = {616},
          eid = {A2},
        pages = {A2},
          doi = {10.1051/0004-6361/201832727},
archivePrefix = {arXiv},
       eprint = {1804.09366},
 primaryClass = {astro-ph.IM},
       adsurl = {https://ui.adsabs.harvard.edu/abs/2018A&A...616A...2L},
      adsnote = {Provided by the SAO/NASA Astrophysics Data System}
}

@ARTICLE{Martinez:2011,
       author = {{Martinez}, Gregory D. and {Minor}, Quinn E. and {Bullock}, James and
         {Kaplinghat}, Manoj and {Simon}, Joshua D. and {Geha}, Marla},
        title = "{A Complete Spectroscopic Survey of the Milky Way Satellite Segue 1: Dark Matter Content, Stellar Membership, and Binary Properties from a Bayesian Analysis}",
      journal = {\apj},
     keywords = {binaries: spectroscopic, dark matter, galaxies: dwarf, galaxies: individual: Segue 1, galaxies: kinematics and dynamics, techniques: radial velocities, Astrophysics - Galaxy Astrophysics, Astrophysics - Cosmology and Extragalactic Astrophysics},
         year = 2011,
        month = sep,
       volume = {738},
       number = {1},
          eid = {55},
        pages = {55},
          doi = {10.1088/0004-637X/738/1/55},
archivePrefix = {arXiv},
       eprint = {1008.4585},
 primaryClass = {astro-ph.GA},
       adsurl = {https://ui.adsabs.harvard.edu/abs/2011ApJ...738...55M},
      adsnote = {Provided by the SAO/NASA Astrophysics Data System}
}

@ARTICLE{Minor:2019,
       author = {{Minor}, Quinn E. and {Pace}, Andrew B. and {Marshall}, Jennifer L. and
         {Strigari}, Louis E.},
        title = "{Robust velocity dispersion and binary population modelling of the ultrafaint dwarf galaxy Reticulum II}",
      journal = {\mnras},
     keywords = {binaries: spectroscopic, galaxies: kinematics and dynamics, Astrophysics - Astrophysics of Galaxies},
         year = 2019,
        month = aug,
       volume = {487},
       number = {2},
        pages = {2961-2968},
          doi = {10.1093/mnras/stz1468},
archivePrefix = {arXiv},
       eprint = {1810.12903},
 primaryClass = {astro-ph.GA},
       adsurl = {https://ui.adsabs.harvard.edu/abs/2019MNRAS.487.2961M},
      adsnote = {Provided by the SAO/NASA Astrophysics Data System}
}

